1683 2732
602 75 990 113 HPAKAEIAAI

234 178 262 220 ὦ
288 182 417 230 μῖσος,
444 179 513 220 εἴθ’
543 181 652 219 ὄλοιο
678 178 735 232 χὼ
761 178 924 231 πέμψας
949 175 1024 231 <σ’>
1052 178 1160 231 ἀνήρ·

235 246 286 287 ὡς
311 247 443 287 πολλὰ
468 245 513 295 δὴ
541 245 602 285 καὶ
626 248 748 285 τῶνδε
772 246 939 299 γενναίῳ
966 246 1082 297 πατρὶ

236 314 277 353 ἐκ
302 315 412 353 τοῦδε
436 311 575 352 ταύτοῦ
601 312 796 363 στόματος
820 311 1008 364 ἤγγειλας
1034 311 1142 352 κακά.

137 396 306 427 ΚΗΡΥΞ

236 455 259 506 ἧ
285 472 359 496 που
385 457 580 505 καθῆσθαι
605 454 712 506 τήνδ’
739 455 854 508 ἕδραν
880 455 1003 506 καλὴν
1029 458 1156 497 δοκεῖς
1421 468 1459 499 55

236 523 353 563 πόλιν
378 521 411 562 τ’
437 523 607 575 ἀφῖχθαι
633 522 858 575 σύμμαχον,
888 525 1012 564 κακῶς
1039 525 1209 575 φρονῶν·

237 588 281 628 οὐ
305 588 378 641 γάρ
403 605 460 630 τις
486 587 596 629 ἔστιν
622 587 663 630 ὃς
688 587 843 640 πάροιθ’
868 587 1074 640 αἱρήσεται

235 654 307 704 τὴν
333 654 408 705 σὴν
434 655 594 707 ἀχρεῖον
619 654 781 706 δύναμιν
808 654 891 695 ἀντ’
919 654 1165 708 Εὐρυσθέως.

236 721 368 774 χώρει·
405 722 447 761 τί
466 724 630 774 μοχθεῖς
654 721 779 769 ταῦτ’,·
818 722 1060 762 ἀνίστασθαί
1085 739 1132 762 σε
1157 720 1232 775 χρὴ

236 788 276 828 ἐς
295 785 453 839 νΑργος,
483 787 526 827 οῦ
552 804 600 828 σε
623 789 813 839 λεύσιμος
837 787 946 839 μένει
970 789 1069 838 δίκη.
1420 791 1462 821 60

137 855 191 893 Io.
236 852 279 892 οὐ
304 852 399 903 δῆτ’,
427 854 517 894 ἐπεί
536 871 602 905 μοι
626 854 762 905 βωμὸς
787 854 947 906 ἀρκέσει
972 856 1078 900 θεοῦ,

237 918 425 971 ἐλευθέρα
449 937 492 960 τε
516 919 601 972 γαῖ’
627 922 669 961 ἐν
692 919 718 976 ᾗ
741 920 989 972 βεβήκαμεν.

137 988 210 1036 Κη.
236 986 366 1042 βούλῃ
393 987 514 1027 πόνον
539 1003 605 1037 μοι
628 989 719 1043 τῇδε
745 990 976 1038 προσθεῖναι
1000 987 1106 1040 χερί;

138 1055 191 1091 Io.
239 1052 346 1092 οὔτοι
369 1053 442 1106 βίᾳ
467 1052 514 1104 γέ
536 1052 576 1103 μ’
604 1052 690 1093 οὐδὲ
716 1052 848 1093 τούσδ’
875 1052 978 1103 ἄξεις
1002 1053 1156 1103 λαβών.

139 1121 210 1168 Κη.
238 1119 374 1174 γνώσῃ
402 1119 464 1158 σύ·
501 1118 639 1169 μάντις
665 1119 696 1159 δ’
723 1118 813 1169 ἧσθ’
839 1119 896 1171 ἄρ’
923 1119 966 1159 οὐ
992 1119 1110 1161 καλὸς
1135 1118 1239 1159 τάδε.
1423 1122 1462 1161 65

138 1187 192 1224 Io.
240 1185 310 1225 οὐκ
336 1184 384 1225 ἂν
408 1185 562 1237 γένοιτο
587 1185 688 1225 τοῦτ’
714 1187 807 1236 ἐμοῦ
835 1186 975 1235 ζῶντός
1000 1202 1108 1226 ποτε.

138 1253 211 1301 Κη.
237 1250 381 1302 ἄπαιρ’·
421 1252 499 1303 ε’γὼ
525 1254 566 1292 δὲ
591 1252 746 1297 τούσδε,
777 1251 846 1292 κᾶν
873 1252 922 1292 σὺ
946 1251 997 1302 μὴ
1025 1251 1155 1308 θέλῃς,

236 1316 315 1368 ἄξω
342 1318 521 1368 νομίζων,
549 1318 667 1369 οῦπέρ
694 1318 781 1364 εἰσ’,
810 1318 1055 1369 Εὐρυσθέως.

136 1386 191 1423 Io.
241 1381 270 1423 ὦ
295 1385 364 1426 τὰς
389 1383 558 1434 Ἀθήνας
583 1384 700 1436 δαρὸν
726 1386 922 1427 οἰκοῦντες
946 1385 1105 1437 χρόνον,

237 1449 409 1500 ἀμύνεθ’·
449 1450 571 1491 ἱκέται
596 1450 628 1490 δ’
653 1453 763 1493 ὄντες
789 1452 975 1504 ἀγοραίου
1002 1451 1098 1493 Διὸς
1425 1462 1466 1492 70

236 1517 485 1567 βιαζόμεσθα
512 1518 574 1558 καὶ
601 1517 730 1570 στέφη
756 1519 1010 1568 μιαίνεται-

238 1584 353 1624 πόλει
377 1582 410 1622 τ’
435 1585 584 1625 ὄνειδος
611 1584 672 1624 καὶ
697 1586 797 1625 θεῶν
823 1584 968 1635 ἀτιμία.

137 1667 300 1696 ΧΟΡΟΣ

153 1753 210 1760 --
233 1727 278 1767 ἔα
303 1726 359 1767 ἔα·
396 1728 454 1768 τίς
478 1727 500 1778 ἡ
525 1727 604 1778 βοὴ
629 1731 768 1778 βωμοῦ
791 1727 915 1769 πέλας

237 1794 398 1844 ἕστηκε;
436 1795 553 1834 ποίαν
579 1795 788 1846 συμφορὰν
813 1793 932 1844 δείξει
955 1792 1078 1847 τάχα;

151 1919 208 1927 —-
298 1894 400 1934 ἴδετε
423 1892 491 1934 τὸν
515 1893 668 1946 γέροντ’
694 1893 848 1944 ἀμαλὸν
873 1893 936 1934 ἐπὶ
961 1892 1065 1947 πέδῳ
1358 1887 1461 1943 [στρ.

301 1960 486 2013 χύμενον·
524 1958 553 2000 ὦ
579 1959 714 2002 τάλας.
1425 1962 1463 2002 76

181 2060 222 2090 52
247 2051 278 2083 ‹r’
295 2051 371 2083 add.
390 2051 521 2082 Barnes
652 2061 693 2091 55
720 2056 849 2084 ΚΗΡΤΞ
871 2051 1011 2090 scripsi:
1039 2048 1212 2091 K0(⁷rpe155]1
1231 2058 1367 2088 semper
1387 2048 1412 2078 L
1425 2048 1459 2079 P.

136 2094 212 2126 Vid.
240 2093 351 2126 Dram.
380 2095 549 2127 Personas
717 2097 760 2126 60
790 2097 884 2135 μενεῖ
906 2094 970 2124 LP
1138 2093 1179 2130 64
1211 2090 1243 2132 γ’
1269 2091 1316 2131 ἔμ’
1344 2091 1464 2130 Reisig

135 2138 178 2176 65
214 2140 270 2169 οὐκ
298 2138 391 2179 ἄκρος
420 2138 633 2169 Herwerden
802 2139 843 2176 67
882 2138 986 2178 ἄπερρ’
1015 2136 1122 2166 Cobet
1292 2136 1334 2174 69
1369 2134 1463 2167 τάσδ’

137 2180 306 2220 Hartung.
357 2181 427 2212 Sed
453 2182 496 2213 cf.
511 2182 586 2221 387,
605 2183 669 2222 839
847 2189 898 2219 75,
918 2181 958 2218 76
982 2179 1096 2209 Choro
1119 2177 1235 2209 tribuit
1257 2178 1464 2214 Lachmann,

136 2223 231 2254 Iolao
265 2223 330 2254 LP
527 2235 567 2264 75
605 2225 733 2267 γέροντ’
766 2225 891 2264 ἆμαλὸν
924 2222 1176 2261 Hemsterhuys
1208 2232 1251 2252 ex
1285 2221 1463 2260 Hesychio

138 2266 462 2340 (buakdecigvraAAv,
499 2268 627 2306 ἀσθενῆ.
686 2268 854 2309 Εὐριπίδης
888 2266 1107 2307 Ἡρακλείδαις
1143 2265 1287 2304 &UMT->³
1323 2264 1461 2305 γέροντα

136 2312 263 2345 μᾶλλον
