1683 2732
664 110 870 148 EKABH

214 212 276 252 ε’πὶ
302 213 383 264 δορὶ
410 213 471 252 καὶ
498 214 605 267 φόνῳ
635 213 695 252 καὶ
723 214 824 262 ἐμῶν
848 212 1055 264 μελάθρων
1080 213 1209 267 λώβᾳ·
1301 210 1434 268 [ἐπῳδ.

214 278 346 319 στένει
370 281 411 319 δὲ
438 279 502 318 καί
525 295 582 319 τις
607 279 708 330 ἀμφὶ
734 278 800 318 τὸν
828 279 962 330 εὕροον
990 279 1174 329 Εὐρώταν
1369 284 1434 324 650

215 344 392 385 Λάκαινα
417 344 706 396 πολυδάκρυτος
732 345 773 384 ἐν
801 345 933 395 δόμοις
959 346 1064 396 κόρα,

344 409 488 451 πολιάν
511 410 542 450 τ’
570 412 633 451 ἐπὶ
661 413 782 462 κρᾶτα
804 410 932 462 μάτηρ

411 476 557 518 τέκνων
583 477 784 518 θανόντων

277 543 454 584 Ττίθεται
479 542 579 596 χέρα
604 543 814 596 δρύπτεται
839 540 1044 594 παρειάν,Τ
1373 547 1435 586 655

280 609 434 659 δίαιμον
458 611 582 662 ὄνυχα
605 608 789 660 τιθεμένα
814 612 1075 661 σπαραγμοῖς.

112 694 423 723 ΘΕΡΑΠΑῙΝΑ

212 757 404 805 γυναῖκες,
431 752 587 804 Ἑκάβη
611 756 689 794 ποῦ
711 752 800 794 ποθ’
826 753 848 803 ἡ
873 753 1084 799 παναθλία,

211 820 236 870 ἡ
260 819 390 860 πάντα
412 820 549 861 νικῶσ’
574 819 695 871 ἄνδρα
720 821 783 860 καὶ
809 822 933 870 θῆλυν
958 822 1113 872 σπορὰν

213 890 410 933 κακοῖσιν;
449 886 574 928 οὐδεὶς
598 886 800 938 στέφανον
825 886 1117 939 ἀνθαιρήσεται.
1374 891 1439 922 660

112 956 185 992 Χο.
211 954 251 993 τί
273 952 317 999 δ’,
346 951 375 993 ὦ
399 952 568 993 τάλαινα
593 955 666 1003 σῆς
692 953 978 1006 κακογλώσσου
1003 955 1123 1004 βοῆς;

213 1020 263 1061 ὡς
289 1019 424 1060 οὔποθ’
450 1021 551 1060 εὕδει
575 1018 705 1071 λυπρά
732 1036 805 1059 σου
830 1020 1068 1072 κηρύγματα.

114 1089 186 1126 Θε.
213 1085 367 1142 Ἑκάβῃ
394 1085 500 1137 φέρω
526 1085 605 1126 τόδ’
633 1085 767 1138 ἄλγος·
806 1087 848 1126 ἐν
875 1089 1030 1126 κακοῖσι
1056 1088 1097 1126 δὲ

213 1151 258 1192 οὐ
279 1150 414 1207 ῥᾴδιον
438 1156 647 1204 βροτοῖσιν
671 1152 862 1205 εὐφημεῖν
889 1153 1029 1204 στόμα.

112 1222 184 1259 Χο.
213 1219 274 1258 καὶ
299 1218 375 1268 μὴν
398 1222 559 1270 περῶσα
583 1218 771 1272 τυγχάνει
796 1219 927 1270 δόμων
950 1220 1046 1271 ὕπερ
1374 1222 1435 1263 665

211 1284 284 1335 ἥδ’,
313 1286 353 1327 ἐς
376 1287 418 1326 δὲ
444 1285 577 1337 καιρὸν
603 1289 714 1325 σοῖσι
738 1286 922 1337 φαίνεται
945 1286 1095 1338 λόγοις.

114 1354 186 1392 Θε.
214 1349 243 1391 ὦ
268 1351 517 1392 παντάλαινα
542 1351 626 1391 κᾶτι
649 1355 806 1402 μᾶλλον
831 1349 854 1402 ἢ
878 1351 998 1404 λέγω,

212 1417 402 1465 δέσποιν’,
430 1420 586 1460 ὄλωλας
611 1417 756 1458 κούκέτ’
783 1419 828 1465 εἶ,
855 1418 1067 1470 βλέπουσα
1093 1422 1190 1471 φῶς,

211 1485 328 1527 ἄπαις
352 1484 542 1537 ἄνανδρος
567 1484 709 1527 ἄπολις
733 1484 1018 1538 ἐξεφθαρμένη.

113 1555 181 1592 Εκ.
209 1552 253 1592 οὐ
279 1552 413 1593 καινὸν
437 1551 561 1598 εἶπας,
589 1552 739 1592 εἰδόσιν
763 1551 796 1592 δ’
821 1552 1040 1593 ὠνείδισας.
1371 1555 1436 1595 670

213 1619 309 1670 ἀτὰρ
335 1620 376 1660 τί
395 1618 532 1670 νεκρὸν
557 1619 671 1659 τόνδε
694 1635 760 1670 μοι
786 1617 1015 1669 Πολυξένης

211 1684 316 1735 ἥκεις
344 1685 554 1736 κομίζουσ’,
581 1685 627 1736 ἧς
652 1684 884 1737 ἀπηγγέλθη
909 1684 1037 1738 τάφος

213 1751 370 1792 πάντων
395 1751 569 1805 Ἀχαιῶν
594 1753 657 1791 διὰ
681 1751 799 1805 χερὸς
824 1751 1001 1801 σπουδὴν
1026 1751 1153 1805 ἔχειν,·

114 1820 186 1859 Θε.
211 1817 272 1869 ἥδ’
298 1817 410 1859 οὐδὲν
434 1817 551 1864 οἶδεν,
579 1817 686 1859 ἀλλά
709 1835 775 1869 μοι
799 1816 1034 1868 Πολυξένην

213 1887 358 1936 θρηνεῖ,
384 1883 484 1925 νέων
509 1886 551 1925 δὲ
575 1883 764 1935 πημάτων
789 1884 863 1938 οὐχ
888 1884 1063 1925 ἅπτεται.
1374 1887 1436 1927 675

115 1953 184 1993 Εκ.
210 1950 247 1992 οἳ
270 1950 341 2003 ’γὼ
365 1950 545 1991 τάλαινα·
582 1955 665 2002 μῶν
689 1950 735 1991 τὸ
758 1954 952 2004 βακχεῖον
978 1950 1075 2002 κάρα

212 2020 282 2068 τῆς
307 2019 528 2072 θεσπιῳδοῦ
551 2019 662 2069 δεῦρο
688 2017 923 2069 Κασάνδρας
949 2017 1102 2069 φέρεις;

156 2110 220 2148 650
259 2111 386 2150 εὕρρουν
417 2113 450 2139 et
482 2111 590 2150 εὔρουν
620 2110 716 2140 codd.
732 2121 738 2141 :
780 2120 863 2141 corr.
897 2109 1075 2140 Hermann
1218 2109 1281 2147 653
1321 2108 1438 2139 πολιὰν

113 2151 180 2182 VL
205 2156 238 2183 et
262 2152 339 2186 EV:
376 2154 491 2184 πολιὸν
519 2152 675 2183 ΜΑΒΡ
817 2152 861 2193 τ’]
892 2154 919 2184 δ’
948 2152 1055 2183 VLP
1196 2151 1302 2193 μήτηρ
1331 2150 1438 2181 BVL

113 2196 177 2234 655
199 2195 259 2228 τίθ.
273 2195 325 2236 χέ.
340 2195 478 2226 seclusit
488 2195 720 2227 Wilamowitz
735 2197 785 2236 (et
802 2200 924 2236 δίαιμον
939 2220 946 2227 .
959 2220 966 2228 .
986 2221 990 2226 .
1007 2197 1206 2237 σπαραγμοῖς
1224 2199 1303 2225 ante
1316 2194 1438 2226 τέκνων

115 2239 240 2279 traicit)
336 2244 412 2278 post
429 2238 600 2281 δρύπτεται
616 2240 692 2270 add.
711 2253 748 2271 τε
760 2240 790 2270 Α
806 2240 849 2271 P:
873 2239 947 2271 δὲν
1099 2240 1164 2277 656
1186 2251 1237 2280 γρ.
1255 2238 1384 2276 δίδυμον
1398 2237 1436 2267 Βι

113 2282 177 2321 665
201 2283 278 2323 ὕπερ
296 2281 327 2311 Μ
340 2281 372 2312 Α
385 2282 432 2314 L:
458 2283 517 2314 ὕπο
531 2281 570 2312 Β2
587 2282 619 2312 in
636 2293 720 2314 ras:
748 2284 807 2316 ἄπο
820 2283 850 2313 V
864 2282 898 2313 Ρ.
948 2282 999 2312 Cf.
1013 2293 1043 2312 v.
1058 2291 1099 2320 53
1231 2282 1296 2312 666
1319 2280 1354 2312 δὲ
1372 2291 1438 2312 om.

116 2324 149 2354 M
168 2335 175 2355 :
215 2330 292 2364 post
331 2326 440 2366 καιρὸν
470 2330 601 2364 ponunt
631 2325 662 2356 A
674 2325 700 2356 L
890 2326 954 2355 668
985 2324 1090 2357 οὐκέτ’
1124 2325 1150 2355 L
1162 2324 1202 2354 B2
1233 2324 1372 2363 (κούκέτ’
1397 2326 1436 2363 Σ)

114 2368 176 2406 671
203 2369 282 2408 ἀτὰρ
298 2368 347 2405 τί;
371 2373 395 2401 Σ
497 2370 561 2407 672
586 2369 761 2410 ἀπηγγέλη
777 2369 809 2400 Α
911 2370 975 2408 673
1001 2369 1086 2409 ἔχων
1101 2368 1130 2398 V
1232 2369 1295 2406 677
1320 2367 1436 2399 κασάν-

118 2413 191 2450 δρας
207 2411 238 2441 Α
250 2411 275 2441 L
290 2421 296 2440 :
323 2423 418 2443 κασσ.
440 2410 510 2442 rell.
1250 2421 1310 2451 23*
