1683 2732
618 108 1010 147 ANAPOMAXH

155 218 349 248 ΤΡΟΦΟΣ

255 275 284 317 ἷῧ
311 278 501 330 φίλταται
525 280 717 329 γυναῖκες,
747 276 798 318 ὡς
824 276 943 317 κακὸν
969 280 1071 331 κακῷ

255 342 442 398 διάδοχον
466 345 508 383 ἐν
533 342 616 399 τῇδ’
642 341 766 396 ἡμέρᾳ
791 343 1042 394 πορσύνεται.

257 410 447 451 δέσποινα
472 411 546 462 γὰρ
574 409 656 449 κατ’
684 408 804 455 οἶκον,
831 408 1043 461 Ἑρμιόνην
1067 407 1187 462 λέγω,

256 477 401 529 πατρός
425 476 459 516 τ’
484 477 734 528 ἐρημωθεῖσα
756 477 919 530 συννοίᾳ
945 475 979 516 θ’
1004 475 1097 527 ἅμα,
1414 482 1476 519 805

257 545 341 584 οῖον
366 542 550 595 δέδρακεν
575 543 691 595 ἔργον
716 540 992 596 Ἀνδρομάχην
1018 547 1172 583 κτανεῖν

258 611 319 650 καὶ
344 613 464 650 παῖδα
487 610 763 661 βουλεύσασα,
791 611 996 650 κατθανεῖν
1022 608 1142 655 θέλει,

257 677 377 718 πόσιν
403 675 612 729 τρέμουσα,
638 676 690 727 μὴ
718 677 804 716 ἀντὶ
829 680 907 716 τῶν
931 675 1177 727 δεδραμένων

257 745 299 783 ἐκ
323 743 436 783 τῶνδ’
461 744 607 794 ἀτίμως
632 742 820 794 δωμάτων
846 744 1068 799 ἀποσταλῇ,

257 806 280 860 ἢ
308 809 478 866 κατθάνῃ
506 810 713 850 κτείνουσα
737 810 826 852 τοὺς
851 809 895 849 οὐ
918 809 995 863 χρὴ
1023 812 1190 850 κτανεῖν.
1413 813 1479 843 810

255 877 371 927 μόλις
395 875 437 917 δέ
460 893 521 917 νιν
547 875 746 917 θέλουσαν
770 877 939 929 ἇρτῆσαι
963 875 1078 928 δέρην

259 944 435 995 εἴργουσι
459 943 634 995 φύλακες
658 946 783 996 δμῶες
808 943 851 983 ἔκ
876 959 919 984 τε
943 941 1073 993 δεξιᾶς

258 1008 355 1062 ξίφη
382 1009 695 1062 καθαρπάζουσιν
721 1008 998 1061 ἐξαιρούμενοι.

257 1076 356 1116 οὕτω
380 1079 573 1128 μεταλγεῖ
595 1077 656 1116 καὶ
682 1078 730 1115 τὰ
754 1076 845 1128 πρὶν
870 1074 1086 1128 δεδραμένα

257 1142 404 1194 ἔγνωκε
429 1139 598 1194 πράξασ’
624 1143 668 1182 οὐ
695 1146 834 1185 καλῶς.
907 1143 985 1195 ἐγὼ
1009 1144 1080 1193 μὲν
1105 1142 1173 1182 οῧν
1415 1145 1478 1186 8¹5

257 1208 474 1249 δέσποιναν
499 1209 671 1262 εἴργουσ’
697 1210 870 1262 ἀγχόνης
896 1209 1042 1261 κάμνω,
1069 1210 1197 1262 φίλαι·

257 1276 364 1326 ὑμεῖς
389 1277 430 1316 δὲ
454 1278 583 1327 βᾶσαι
608 1279 731 1317 τῶνδε
756 1275 946 1327 δωμάτων
971 1276 1051 1316 ἔσω

256 1341 424 1382 θανάτου
442 1359 503 1383 νιν
530 1343 767 1384 ἐκλύσασθε·
804 1347 882 1383 τῶν
907 1345 982 1395 γὰρ
1006 1341 1161 1393 ἠθάδων

258 1410 390 1462 φίλων
415 1408 496 1450 νέοι
521 1410 712 1457 μολόντες
737 1408 1021 1462 εὐπιθέστεροι.

158 1478 229 1515 Χο.
257 1477 320 1516 καὶ
343 1475 421 1527 μὴν
448 1477 491 1516 ἐν
516 1477 635 1518 οἴκοις
661 1477 902 1528 προσπόλων
929 1476 1121 1527 ἀκούομεν
1417 1479 1481 1509 820

256 1542 361 1593 βοὴν
385 1541 452 1595 ἐφ’
477 1543 582 1583 οἶσιν
608 1542 726 1593 ἦλθες
751 1542 1009 1595 ἀγγέλλουσα
1035 1542 1097 1582 σύ.

257 1607 397 1659 δείξειν
423 1608 455 1649 δ’
481 1608 606 1649 ἔοικεν
632 1610 653 1660 ἡ
679 1608 831 1649 τάλαιν’
856 1609 955 1650 ὅσον
982 1608 1113 1650 στένει

257 1673 442 1727 πράξασα
467 1675 586 1716 δεινά·
625 1675 813 1727 δωμάτων
837 1677 912 1728 γὰρ
937 1677 1082 1731 ἐκπερᾷ

258 1742 462 1795 φεύγουσα
487 1746 622 1796 χεῖρας
647 1744 891 1795 προσπόλων
916 1743 1024 1797 πόθῳ
1044 1745 1189 1783 θανεῖν.

157 1855 226 1904 Ερ.
389 1854 433 1893 ἰώ
458 1854 528 1903 μοί
547 1871 625 1904 μοι·
1325 1848 1428 1904 [στρ.
1455 1869 1480 1892 α

390 1919 605 1972 σπάραγμα
631 1920 751 1971 κόμας
775 1920 930 1973 ὀνύχων
955 1937 998 1961 τε
1023 1919 1098 1960 δάι’
1123 1920 1167 1959 ἇ-
1418 1922 1480 1954 826

198 2011 350 2042 802—866
376 2011 491 2053 Τροφ.]
517 2025 563 2053 τρ.
590 2022 726 2051 semper
750 2012 787 2050 B,
808 2016 841 2042 et
858 2022 909 2042 vv.
929 2012 1004 2049 828,
1023 2013 1100 2051 832,
1117 2011 1181 2049 836
1202 2010 1301 2041 etiam
1318 2010 1371 2041 A:
1396 2014 1480 2053 θερα.

155 2064 291 2093 semper
304 2054 336 2084 M
349 2055 379 2084 V
390 2055 427 2094 L,
444 2055 640 2094 plerumque
653 2055 693 2095 A,
710 2066 762 2087 vv.
777 2057 852 2093 802,
866 2056 931 2085 866
946 2055 1046 2085 etiam
1065 2055 1090 2085 P
1104 2067 1109 2085 ;
1134 2067 1205 2096 χορ.
1226 2054 1426 2093 plerumque
1445 2053 1479 2084 P.

155 2097 206 2128 Cf.
225 2098 265 2128 ad
283 2109 316 2129 v.
332 2099 393 2135 851
542 2099 606 2129 802
630 2102 735 2131 κακῶν
750 2098 798 2128 V:
825 2101 927 2131 κακῶς
946 2099 971 2129 L
984 2098 1010 2128 P
1157 2098 1221 2128 810
1245 2098 1398 2130 κτείνασα
1417 2097 1480 2128 LB

155 2143 238 2181 χρῆν
251 2140 403 2180 Elmsley
471 2144 574 2174 θανεῖν
586 2142 612 2172 L
623 2142 697 2173 PV²
708 2147 742 2172 et
757 2142 789 2173 H
805 2154 811 2174 z
838 2152 974 2172 versum
992 2142 1054 2172 del.
1077 2141 1183 2172 Cobet
1294 2142 1356 2171 812
1381 2144 1480 2180 δμῶες

156 2184 296 2223 φύλακες
315 2185 341 2214 L
488 2186 551 2224 814
575 2186 649 2227 μέγ’
666 2187 766 2226 ἀλγεῖ
779 2186 875 2216 codd.
896 2198 903 2216 ι
928 2195 1011 2216 corr.
1032 2185 1147 2215 Nauck
1299 2185 1362 2224 817
1392 2185 1480 2224 ἡμεῖς

156 2226 182 2256 L
195 2227 221 2257 P
310 2228 374 2267 819
399 2229 631 2271 εὐπειθέστεροι
648 2230 745 2260 codd.
765 2228 1008 2270 (εὐτυχέστεροι
1028 2229 1055 2258 Β
1068 2228 1114 2268 O)
1205 2229 1265 2258 821
1293 2227 1480 2269 ἀγγέλουσα

157 2269 188 2299 Μ
202 2270 270 2300 VB
288 2276 321 2301 et
340 2271 493 2310 primitus
513 2272 537 2302 L
642 2273 704 2302 822
729 2272 832 2305 σθένει
850 2272 880 2302 V
895 2273 920 2302 L
935 2273 981 2303 P:
1008 2282 1092 2303 corr.
1111 2271 1152 2302 V²
1262 2271 1324 2310 824
1351 2273 1479 2303 κτανεῖν

154 2313 185 2343 Α
318 2315 383 2343 826
406 2314 504 2354 κόμης
524 2315 548 2345 L
564 2316 589 2345 P
