1651 2780
598 102 947 140 ΕΥΡΙΠΙΔΟΥ

207 205 268 246 καὶ
294 204 411 246 πόλλ’
437 204 587 246 ἔτικτον
614 206 720 246 νυκτὶ
746 207 954 246 συνθακῶν
979 206 1054 252 ἀεί,

206 274 312 314 ὅπως
336 272 484 314 διώσας
510 273 572 313 καὶ
600 273 852 314 κατακτείνας
879 272 997 323 ἐμοὺς
1375 285 1438 318 995

207 339 373 394 ἐχθροὺς
397 339 442 379 τὸ
467 338 612 380 λοιπὸν
636 338 688 390 μὴ
716 339 941 390 συνοικοίην
967 340 1100 395 φόβῳ,

206 407 317 448 εἰδὼς
336 408 408 457 μὲν
433 405 500 446 οὐκ
527 405 691 457 ἀριθμὸν
716 405 809 447 ἀλλ’
837 407 1036 458 ἐτητύμως

205 472 313 525 ἄνδρ’
341 474 435 513 ὄντα
458 472 527 513 τὸν
554 472 627 513 σὸν
653 475 785 514 παῖδα·
823 473 886 514 καὶ
911 475 986 526 γὰρ
1014 473 1157 527 ἐχθρὸς
1183 472 1237 514 ὢν

206 540 417 581 ἀκούσεται
442 536 557 592 (nol)
582 539 619 592 γ’
646 541 774 580 ἐσθλὰ
799 540 975 593 χρηστὸς
1001 539 1054 581 ὢν
1081 539 1192 593 ἀνήρ.

207 608 334 648 κείνου
360 606 392 647 δ’
420 606 750 661 ἀπαλλαχθέντος
776 607 843 647 οὐκ
870 609 990 661 ἐχρῆν
1016 607 1055 658 μ’
1081 607 1156 660 ἄρα
1352 619 1440 643 1000

206 674 447 726 μισούμενον
474 674 570 726 πρὸς
595 677 717 715 τῶνδε
743 675 807 715 καὶ
833 673 1036 726 ξυνειδότα

207 741 355 795 ἔχθραν
380 739 570 796 πατρῴαν,
599 741 728 782 πάντα
754 744 913 793 κινῆσαι
939 740 1096 793 πέτρον,

208 809 409 849 κτείνοντα
435 807 719 860 κάκβάλλοντα
745 809 808 849 καὶ
833 809 1101 863 τεχνώμενον;

206 879 366 916 τοιαῦτα
391 878 532 928 δρῶντι
555 875 644 926 τᾶμ’
672 875 840 928 ἐγίγνετ’
867 877 1051 929 ἀσφαλῆ.

206 943 344 983 οὔκουν
370 943 422 983 σύ
445 942 481 995 ’γ’
508 943 773 994 ἀναλαβοῦσα
796 944 865 985 τὰς
891 944 985 994 ἐμᾶς
1009 943 1133 996 τύχας
1357 954 1440 985 1005

208 1011 353 1063 ἐχθροῦ
375 1009 539 1052 λέοντος
563 1012 734 1062 δυσγενῆ
760 1008 1029 1061 βλαστήματα

208 1076 377 1128 ἤλαυνες
402 1075 451 1117 ἂν
476 1080 668 1123 κακοῖσιν,
696 1077 803 1117 ἀλλὰ
829 1077 1048 1129 σωφρόνως

208 1145 347 1187 εἴασας
372 1144 495 1185 οἰκεῖν
513 1142 681 1197 ’Άργος;
719 1143 838 1185 οὔτιν’
864 1143 912 1185 ἂν
939 1144 1082 1186 πίθοις.

205 1214 274 1252 νῦν
299 1210 367 1252 οὗν
393 1209 528 1261 ἐπειδή
553 1210 592 1262 μ’
618 1210 663 1251 οὐ
690 1211 889 1252 διώλεσαν
914 1211 1005 1252 τότε

207 1278 408 1330 πρόθυμον
433 1279 540 1324 ὄντα,
567 1281 696 1319 τοῖσιν
719 1277 930 1329 Ἑλλήνων
956 1278 1089 1329 νόμοις
1359 1288 1442 1312 1010

208 1345 283 1398 οὐχ
307 1346 427 1397 ἁγνός
452 1346 531 1396 εἶμι
554 1348 606 1400 τῷ
634 1346 817 1386 κτανόντι
842 1345 1057 1386 κατθανών·

209 1413 326 1454 πόλις
349 1411 382 1452 τ’
408 1412 539 1464 ἀφῆκε
565 1416 844 1465 σωφρονοῦσα,
871 1412 940 1453 τὸν
966 1411 1057 1453 θεὸν

206 1479 338 1529 μεῖζον
362 1480 503 1520 τίουσα
527 1481 595 1529 τῆς
620 1481 714 1530 ἐμῆς
739 1479 883 1532 ἔχθρας
908 1479 1023 1519 πολύ.

209 1547 442 1596 προσεῖπας,
470 1542 730 1595 ἀντήκουσας·
771 1545 952 1587 ἐντεῦθεν
974 1546 1017 1585 δὲ
1042 1544 1118 1598 χρὴ

207 1611 276 1651 τὸν
302 1611 599 1663 προστρόπαιον
623 1611 692 1651 τόν
717 1627 760 1652 τε
784 1614 970 1663 γενναῖον
996 1614 1145 1652 καλεῖν.
1358 1622 1440 1652 1015

208 1679 308 1719 οὕτω
334 1695 380 1730 γε
403 1676 540 1728 μέντοι
564 1675 653 1728 τᾶμ’
678 1677 797 1732 ἔχεις·
837 1680 970 1718 θανεῖν
995 1680 1068 1728 μὲν
1093 1677 1138 1718 οὐ

206 1744 351 1802 χρῄζω,
378 1745 507 1785 λιπὼν
531 1742 565 1784 δ’
590 1742 638 1785 ἂν
663 1744 777 1786 οὐδὲν
803 1745 999 1799 ἀχθοίμην
1025 1745 1130 1796 βίον.

149 2047 215 2077 999
240 2038 304 2077 ’μοι’
328 2038 403 2069 add.
420 2037 671 2069 Wilamowitz:
697 2038 737 2070 τὰ
755 2038 831 2069 add.
850 2038 978 2069 Canter
1159 2047 1242 2068 1002
1268 2038 1395 2068 desinit
1414 2037 1440 2068 P

108 2091 185 2119 pars
212 2081 381 2119 Palatina;
414 2090 496 2120 1003
522 2082 641 2121 incipit
667 2092 745 2121 pars
772 2081 1002 2112 Laurentiana
1021 2080 1082 2121 (G)
1218 2081 1298 2112 Post
1323 2080 1441 2122 πέτρον

105 2125 181 2156 add.
203 2125 235 2155 in
253 2125 278 2154 L
295 2125 361 2156 alia
379 2135 499 2156 manus
517 2126 637 2156 eodem
655 2130 844 2156 atramento
862 2125 955 2166 παρά,
976 2130 1033 2155 aut
1052 2125 1192 2155 sortasse
1209 2125 1361 2166 παροιμία
1378 2135 1440 2164 per

106 2169 346 2206 compendium
450 2179 533 2207 1004
557 2170 643 2209 τάμὰ
655 2169 781 2210 γίγνετ’
796 2168 822 2198 L
835 2168 861 2199 P
876 2180 882 2198 ε
907 2178 991 2199 corr.
1014 2167 1195 2207 Musgrave
1296 2177 1378 2207 1005
1402 2169 1441 2200 ἂν

106 2213 258 2251 λαχοῦσα
270 2212 453 2243 Wecklein
584 2214 667 2243 1006
691 2215 831 2251 δυσμενῆ
846 2211 1043 2251 Stephanus
1078 2213 1116 2243 cf.
1137 2212 1198 2243 Ar.
1215 2211 1319 2251 Vesp.
1341 2212 1437 2251 1160)

110 2264 192 2293 1014
217 2259 393 2295 προσεῖπας
412 2256 583 2295 Elmsley:
607 2257 684 2297 πρὸς
702 2256 721 2287 ἃ
738 2256 826 2287 εῑπας
842 2255 868 2284 L
884 2267 890 2285 :
914 2257 988 2296 πρὸς
1007 2256 1025 2286 ἅ
1040 2255 1073 2296 γ’
1092 2256 1182 2288 εἶπας
1198 2256 1211 2284 Ι
1228 2256 1278 2293 (ut
1291 2255 1376 2293 vid.)
1393 2254 1437 2285 P:

105 2298 125 2330 ἃ
148 2299 180 2338 γ’
206 2299 295 2331 εἶπας
323 2299 499 2330 Hermann
677 2308 757 2337 1015
791 2301 920 2330 κτανεῖν
949 2299 1119 2338 Hartung.
1176 2298 1263 2329 Aliis
1289 2301 1439 2340 γενναῖον

106 2347 302 2380 suspectum
439 2343 521 2374 1016
546 2342 648 2384 ἔχεις]
669 2343 739 2383 ἔχει
756 2341 880 2372 Aldina
