1651 2780
613 91 960 129 ΕΥΡΙΠΙΔΟΥ

569 195 662 208 fluxa*

219 194 364 247 πέμψω
391 196 464 246 γὰρ
491 195 586 250 αὐτῃ
614 195 703 246 οωρ’
730 196 753 236 ἃ
780 196 1082 237 καλλιστεύεται

217 265 294 301 τῶν
319 264 387 302 νῦν
413 262 455 302 ἐν
481 262 764 313 ἀνθρώποισιν,
792 262 863 302 οἶδ’
891 263 980 315 ἐγώ,
1007 263 1123 309 πολύ,

217 328 366 369 λεπτόν
389 345 432 369 τε
458 327 614 369 πέπλον
641 330 703 369 καὶ
730 330 881 370 πλόκον
906 329 1161 382 χρυσήλατον

218 398 359 436 παῖδας
386 394 594 448 φέροντας.
668 395 760 436 ἀλλ’
785 396 883 436 ὅσον
907 395 1028 450 τάχος
1053 397 1183 450 χρεὼν
1386 408 1451 440 950

220 462 370 512 κόσμον
397 462 567 513 κομίζειν
595 465 706 514 δεῦρο
732 464 977 515 προσπόλων
1002 462 1102 503 τινά.

219 527 492 579 εὐδαιμονήσει
517 527 550 568 δ’
577 528 650 582 οὐχ
676 529 730 575 ἕν,
759 530 865 570 ἀλλὰ
889 531 1018 582 μυρία,

219 596 360 648 ἀνδρός
384 594 417 635 τ’
444 596 607 647 ἀρίστου
634 599 708 636 σοῦ
732 596 894 650 τυχοῦσ’
921 596 1130 647 ὁμευνέτου

220 662 432 713 κεκτημένη
458 679 501 704 τε
527 663 677 713 κόσμον
704 664 748 703 ὅν
775 663 863 703 ποθ’
882 662 1030 705 Ἥλιος

219 729 365 781 πατρὸς
391 729 517 781 πατὴρ
544 730 707 770 δίδωσιν
734 731 960 782 ἐκγόνοισιν
985 731 1056 772 οἷς.
1387 741 1453 774 955

296 796 471 848 λάζυσθε
496 799 644 850 φερνὰς
670 797 805 844 τάσδε,
834 800 982 843 παῖδες,
1011 798 1050 839 ἐς
1074 796 1195 850 χέρας

222 863 282 902 καὶ
307 864 352 919 τῇ
376 862 550 917 τυράννῳ
577 864 750 916 μακαρίᾳ
775 863 909 919 νύμφῃ
935 863 1023 903 δότε

221 928 424 982 φέροντες·
464 929 571 969 οὔτοι
598 931 704 981 δῶρα
729 931 887 980 μεμπτὰ
913 928 1079 980 δέξεται.

125 1000 176 1036 [α.
215 998 255 1036 τί
278 996 324 1042 δ’,
353 994 382 1036 ὦ
407 997 566 1046 ματαία,
595 999 721 1036 τῶνδε
749 998 823 1037 σὰς
850 999 974 1038 κενοῖς
998 996 1136 1049 χέρας;

221 1066 349 1105 δοκεῖς
375 1063 582 1113 σπανίζειν
610 1065 722 1114 δῶμα
747 1064 962 1114 βασίλειον
988 1062 1166 1109 πέπλων,
1390 1066 1456 1107 960

221 1134 349 1173 δοκεῖς
375 1132 416 1171 δὲ
441 1133 611 1183 χρυσοῦ;
653 1130 768 1185 σῷζε,
797 1130 848 1181 μὴ
876 1131 983 1170 δίδου
1007 1129 1111 1170 τάδε.

223 1199 332 1249 εἴπερ
358 1199 432 1250 γὰρ
458 1197 558 1248 ἡμᾶς
585 1196 694 1248 ἀξιοῖ
716 1197 840 1249 λόγου
864 1197 970 1239 τινὸς

221 1264 332 1317 γυνή,
361 1263 553 1316 προθήσει
579 1263 809 1318 χρημάτων,
839 1263 939 1317 σάφ’
966 1263 1038 1305 οἶδ’
1065 1264 1156 1316 ἐγώ.

123 1335 204 1383 Mn.
222 1331 274 1382 μή
299 1348 364 1382 μοι
392 1332 454 1371 σύ·
493 1332 645 1372 πείθειν
666 1335 772 1383 δῶρα
802 1332 863 1372 καὶ
889 1331 1000 1373 θεοὺς
1023 1331 1159 1383 λόγος·

222 1398 371 1451 χρυσὸς
398 1400 439 1439 δὲ
467 1400 666 1450 κρείσσων
693 1399 841 1450 μυρίων
867 1399 1000 1450 λόγων
1025 1401 1199 1450 βροτοῖς.
1393 1401 1455 1441 965

225 1466 353 1516 κείνης
379 1465 398 1504 ὁ
423 1465 585 1516 δαίμων,
615 1469 725 1506 κεῖνα
751 1469 818 1506 νῦν
847 1464 955 1515 αὔξει
980 1466 1079 1510 θεός,

225 1532 294 1572 νέα
318 1537 512 1584 τυραννεῖ·
550 1536 628 1573 τῶν
654 1533 686 1572 δ’
716 1534 820 1583 ἐμῶν
847 1533 997 1573 παίδων
1023 1533 1152 1585 φυγᾶς

223 1601 360 1652 ψυχῆς
384 1599 432 1639 ἂν
458 1597 731 1650 ἀλλαξαίμεθ’,
762 1599 806 1638 οὐ
833 1602 984 1651 χρυσοῦ
1007 1599 1142 1649 μόνον.

292 1662 398 1709 ἀλλ’,
426 1659 455 1702 ὦ
481 1661 596 1708 τέκν’,
630 1662 860 1703 εἰσελθόντε
885 1664 1101 1706 πλουσίους
1126 1664 1267 1716 δόμους

226 1730 372 1783 πατρὸς
397 1730 489 1771 νέαν
514 1734 692 1782 γυναῖκα,
721 1731 912 1771 δεσπότιν
937 1730 969 1770 δ’
996 1729 1107 1781 ἐμήν,
1395 1742 1460 1776 970

228 1797 422 1843 ἱκετεύετ’,
450 1795 673 1846 ἐξαιτεῖσθε
698 1797 749 1848 μὴ
778 1801 923 1850 φυγεῖν
949 1798 1087 1850 χθόνα,

228 1865 376 1915 κόσμον
402 1865 749 1905 διδόντες-τοῦδε
774 1866 850 1917 γὰρ
876 1863 1052 1915 μάλιστα
1077 1867 1192 1904 δεῖ-

228 1933 267 1973 ἐς
292 1931 391 1984 χεῖρ’
420 1932 570 1981 ἐκείνης
597 1934 702 1983 δῶρα
730 1930 920 1982 δέξασθαι
945 1930 1048 1971 τάδε.

169 2035 234 2063 949
258 2024 308 2056 τεΪ
327 2023 361 2056 δὲ
375 2023 415 2058 Α,
433 2034 518 2054 corr.
539 2034 560 2054 a
669 2025 720 2056 καὶ
739 2023 861 2056 πλόκον
874 2024 905 2054 V
917 2023 944 2053 B
960 2035 966 2053 :
992 2034 1044 2054 om
1067 2022 1118 2054 A:
1145 2023 1195 2054 καὶ
1215 2022 1335 2063 στέφος
1354 2022 1379 2052 L
1392 2022 1458 2055 Pa.

129 2068 180 2099 Cs.
200 2069 261 2106 786
298 2058 309 2065 Α
352 2078 416 2108 953
441 2067 552 2109 ἀνδρός
569 2066 598 2098 τ’
612 2067 707 2098 AV:
733 2067 843 2108 ἀνδρός
859 2068 891 2108 γ’
910 2068 935 2097 L
949 2067 996 2097 P:
1022 2068 1132 2108 ἀνδρὸς
1151 2066 1178 2096 Β
1272 2075 1336 2105 955
1354 2067 1459 2107 πατὴρ

127 2113 246 2153 πατρὸς
265 2111 289 2140 L
304 2111 329 2141 P
477 2113 541 2151 956
566 2112 664 2153 χέρας
680 2111 711 2141 Α
725 2111 750 2140 L
765 2110 790 2140 P
802 2121 821 2141 v
836 2122 842 2141 :
867 2111 949 2151 χέρα
965 2110 994 2140 V
1007 2110 1034 2139 B
1182 2120 1244 2149 957
1270 2109 1345 2141 δότε
1362 2108 1459 2150 νύμφι

131 2156 312 2194 [suprascr.
339 2156 371 2193 η)
402 2155 433 2185 Α
611 2156 676 2194 960
708 2154 884 2191 βασιλείων
914 2154 970 2184 Ρυ
1144 2155 1208 2192 963
1243 2152 1322 2194 ἐγώ]
1353 2153 1402 2184 ὅτι
1432 2152 1458 2182 L

128 2200 193 2238 966
217 2198 317 2238 αὔξει]
338 2200 402 2239 ἄξει
420 2199 450 2228 Α
575 2199 640 2237 968
664 2201 783 2238 ψυχαῖς
799 2197 829 2227 V
845 2211 895 2239 γρ.
915 2199 952 2235 ἣς
969 2206 1136 2236 suprascr.
1156 2208 1176 2227 v
1304 2197 1370 2235 969
1394 2196 1462 2242 εἶσ;

130 2242 263 2274 ελθόντε
294 2242 318 2271 L
332 2242 357 2272 P
369 2243 396 2272 Β
412 2253 417 2271 2
456 2242 660 2274 εἰσελθόντες
687 2241 760 2272 AV
911 2241 1084 2272 πλουσίους
1113 2240 1143 2270 Α
1154 2240 1184 2270 V
1197 2240 1223 2270 B
1235 2239 1268 2270 l:
1301 2238 1473 2277 πλησίους·

131 2286 157 2316 L
171 2286 196 2316 P
329 2296 395 2324 970
419 2284 445 2317 δ’
465 2285 544 2325 ἐμήν
563 2284 737 2324 Elmsley:
761 2282 792 2315 τ’
810 2285 888 2324 ἐμήν
905 2284 1003 2315 codd.
1149 2293 1210 2323 971
1236 2281 1353 2324 φυγεῖν
1372 2281 1457 2312 LP:

130 2329 263 2370 φεύγειν
280 2328 309 2358 Λ
322 2329 351 2358 V
364 2330 390 2359 B
535 2338 599 2368 972
624 2329 775 2370 φέροντες
794 2328 819 2358 L
963 2337 1026 2366 973
1053 2327 1175 2365 ἐκείνης
1194 2327 1219 2357 L
1233 2326 1308 2356 Pv:
1335 2326 1460 2363 ἐκείνην

131 2373 241 2403 AVB
