1683 2732
744 94 950 131 EKABH

285 196 382 249 ἄγου
405 196 459 248 μ’,
486 197 697 243 Ὀδυσσεῦ,
726 198 788 238 καὶ
814 197 1024 250 διέργασαί
1044 197 1084 248 μ’
1110 198 1228 250 ἄγων·

285 263 366 304 οὔτ’
393 264 552 305 ἐλπίδος
576 265 652 316 γὰρ
676 264 764 304 οὔτε
787 280 856 304 του
880 263 995 314 δόξης
1021 264 1094 316 ὁρῶ
1449 277 1511 310 370

285 328 432 382 θάρσος
458 329 547 382 παρ’
570 330 662 381 ἡμῖν
687 329 739 372 ὥς
763 330 851 371 ποτ’
876 331 917 371 εὖ
943 328 1091 383 πρᾶξαί
1111 348 1159 382 με
1183 331 1271 384 χρή.

283 399 417 449 μῆτερ,
446 396 496 437 σὺ
521 396 554 436 δ’
579 397 672 448 ἡμῖν
695 398 816 448 μηδὲν
842 397 1023 448 ἐμποδὼν
1047 397 1156 454 γένῃ,

283 463 460 516 λέγουσα
483 465 581 514 μηδὲ
605 466 752 516 δρῶσα·
791 465 1025 515 συμβούλου
1050 464 1092 505 δέ
1115 482 1182 516 μοι

284 533 417 571 θανεῖν
442 530 534 583 πρὶν
557 532 737 584 αἰσχρῶν
761 530 814 582 μὴ
840 530 924 571 κατ’
950 530 1065 582 ἀξίαν
1088 535 1233 585 τυχεῖν.

284 597 396 639 ὅστις
418 598 494 650 γὰρ
519 597 587 638 οὐκ
612 599 726 638 εἴωθε
749 598 938 650 γεύεσθαι
964 602 1103 645 κακῶν,
1449 610 1509 643 375

284 663 399 716 φέρει
421 663 508 715 μέν,
535 665 654 717 ἀλγεῖ
675 664 707 705 δ’
732 664 867 718 αὐχέν’
895 666 1059 707 ἐντιθεὶς
1084 665 1196 720 ζυγῷ·

284 731 413 771 θανὼν
437 730 471 770 δ’
495 730 545 771 ἂν
569 733 626 782 ε’ίη
651 734 809 782 μᾶλλον
834 731 1114 785 εὐτυχέστερος

284 794 308 848 ἢ
335 797 419 847 ζῶν·
458 798 502 838 τὸ
526 799 601 850 γὰρ
628 798 700 848 ζῆν
723 798 776 849 μὴ
803 802 931 840 καλῶς
954 798 1079 851 μέγας
1102 800 1234 841 πόνος.

185 867 256 905 Xo.
282 864 409 907 δεινὸς
431 864 634 918 χαρακτὴρ
660 865 884 916 κάπίσημος
908 867 952 906 ἐν
975 870 1137 917 βροτοῖς

284 933 440 972 ἐσθλῶν
465 931 666 983 γενέσθαι,
694 933 789 973 κάπὶ
811 933 945 983 μεῖζον
970 932 1127 985 ἔρχεται
1449 937 1512 975 380

284 1000 351 1048 τῆς
376 998 573 1050 εὐγενείας
598 1000 723 1049 ὄνομα
746 1002 876 1039 τοῖσιν
900 998 1035 1049 ἀξίοις.

185 1068 256 1105 Ex.
284 1068 412 1107 καλῶς
436 1067 508 1116 μὲν
533 1065 658 1110 εἶπας,
685 1067 866 1118 θύγατερ,
895 1066 1000 1106 ἀλλὰ
1025 1070 1077 1120 τῷ
1103 1070 1208 1121 καλῷ

284 1132 389 1182 λύπη
415 1131 645 1184 πρόσεστιν.
719 1133 752 1173 εἰ
777 1135 819 1173 δὲ
845 1135 907 1173 δεῖ
927 1137 981 1188 τῷ
1006 1132 1176 1183 Πηλέως

283 1196 400 1251 χάριν
423 1197 612 1251 γενέσθαι
637 1199 746 1239 παιδὶ
772 1199 835 1239 καὶ
858 1200 991 1251 ψόγον
1017 1204 1158 1252 φυγεῖν

282 1266 393 1316 ὑμᾶς,
420 1265 634 1311 Ὀδυσσεῦ,
661 1265 776 1316 τήνδε
800 1269 872 1317 μὲν
896 1266 949 1317 μὴ
976 1267 1158 1312 κτείνετε,
1451 1272 1510 1312 385

282 1332 382 1382 ἡμᾶς
407 1331 440 1371 δ’
468 1331 632 1385 ἄγοντες
657 1332 753 1384 πρὸς
777 1335 903 1385 πυρὰν
928 1332 1151 1387 Ἀχιλλέως

286 1401 467 1444 κεντεῖτε,
494 1398 546 1450 μὴ
573 1399 766 1451 φείδεσθ’·
805 1401 882 1452 ἐγὼ
902 1399 1034 1441 ”τεκον
1059 1398 1202 1452 Πάριν,

282 1464 325 1507 ὃς
350 1469 470 1506 παῖδα
497 1465 665 1508 Θέτιδος
689 1467 842 1507 ὤλεσεν
867 1466 997 1517 τόξοις
1022 1467 1174 1518 βαλών.

182 1535 254 1573 Οδ.
282 1531 326 1572 οὐ
351 1531 403 1578 σ’,
431 1531 460 1573 ῶ
485 1531 635 1585 γεραιά,
664 1536 871 1574 κατθανεῖν
895 1533 1119 1587 Ἀχιλλέως

282 1597 484 1652 φάντασμ’
510 1599 709 1654 Ἀχαιούς,
737 1601 843 1640 ἀλλὰ
867 1600 989 1651 τήνδ’,
1012 1599 1198 1658 ᾐτήσατο.
1448 1614 1510 1646 390

184 1669 254 1707 Εκ.
280 1667 390 1718 ὑμεῖς
415 1666 457 1707 δέ
479 1667 519 1718 μ’
545 1667 651 1707 ἀλλὰ
675 1668 837 1720 θυγατρὶ
864 1668 1183 1720 συμφονεύσατε,

284 1734 346 1774 καὶ
370 1734 428 1776 δὶς
452 1734 574 1775 τόσον
599 1734 699 1786 πῶμ’
726 1735 890 1785 αἵματος
915 1734 1128 1787 γενήσεται

280 1802 376 1855 γαίᾳ
399 1805 521 1856 νεκρῷ
546 1819 590 1843 τε
613 1806 667 1856 τῷ
692 1799 776 1842 τάδ’
804 1801 1077 1856 ἐξαιτουμένῳ.

181 1869 254 1909 Οδ.
281 1867 370 1909 ἅλις
396 1868 513 1920 κόρης
537 1870 611 1919 σῆς
636 1866 818 1915 θάνατος,
845 1869 890 1909 οὐ
915 1868 1181 1921 προσοιστέος

282 1934 406 1977 ἄλλος
431 1934 529 1987 πρὸς
552 1934 678 1990 ἄλλῳ·
715 1937 813 1987 μηδὲ
837 1936 943 1977 τόνδ’
969 1936 1207 1988 ὠφείλομεν.
1449 1949 1508 1981 395

224 2029 289 2067 369
317 2028 395 2068 ἄγου
411 2028 443 2067 μ’
461 2027 514 2058 vel
533 2029 613 2069 ἀγοῦ
628 2028 661 2067 μ’
681 2027 712 2058 Μ
726 2027 796 2058 AV
810 2028 836 2058 L
848 2028 879 2058 O
892 2028 918 2058 F
935 2033 968 2059 et
985 2028 1044 2067 sic,
1066 2033 1102 2058 ut
1123 2028 1205 2065 vid„
1224 2028 1307 2067 legit
1324 2028 1510 2059 Cleanthes

181 2081 235 2110 ap.
262 2071 405 2110 Epictet.
436 2071 571 2102 Enchir.
602 2082 655 2110 77,
679 2082 729 2102 vv.
755 2073 879 2112 346sq.
910 2071 1080 2101 imitatus:
1109 2072 1161 2111 ἄγ’
1186 2070 1240 2103 οὖν
1265 2072 1297 2110 μ’
1323 2071 1422 2102 PF2:
1457 2072 1509 2112 ἄγ’

181 2114 236 2146 οὖν
252 2114 370 2145 Thom.
395 2114 481 2153 Mag.
503 2115 555 2145 81.
578 2125 615 2153 14
771 2125 834 2154 372
860 2116 1005 2155 ἐμποδὼν
1020 2113 1121 2154 μηδὲν
1140 2114 1166 2144 Ρ
1321 2124 1384 2153 375
1407 2115 1510 2147 πόνων

182 2157 276 2189 Stob.
303 2168 354 2196 3ο.
382 2168 402 2197 3
512 2159 575 2197 378
607 2158 662 2198 ζῆν
688 2161 721 2190 ἐν
745 2161 853 2191 κακοῖς
878 2157 973 2190 πόνος
997 2157 1098 2198 μέγας
1125 2157 1216 2188 Stob.
1245 2167 1297 2196 30.
1322 2168 1342 2196 3
1369 2158 1443 2197 (sed
1466 2160 1510 2198 μὴ

181 2204 287 2234 καλῶς
304 2215 336 2233 π.
347 2216 379 2242 μ.
400 2202 489 2232 idern
510 2212 581 2233 121.
598 2205 652 2243 20)
795 2204 860 2241 380
884 2205 995 2234 πλεῖον
1012 2202 1041 2231 V
1054 2201 1103 2233 O:
1131 2204 1287 2233 πλεῖστον
1306 2201 1400 2233 Stob.
1418 2203 1468 2233 88.
1489 2203 1511 2231 6

181 2245 241 2284 381
267 2247 408 2285 τοῦνομα
423 2245 455 2275 Α
468 2245 494 2275 Ρ
510 2256 516 2275 :
541 2248 658 2285 οὕνομα
675 2246 768 2277 Stob.
872 2247 935 2284 382
960 2246 982 2276 ὦ
1001 2245 1138 2286 θύγατερ
1154 2245 1222 2275 AV
1320 2246 1384 2284 384
1410 2246 1510 2286 zpdwv

183 2288 228 2325 M,
240 2303 263 2330 γ
277 2289 397 2319 inserit
412 2288 457 2318 M2
471 2292 599 2329 ζφυγεῖν
611 2289 714 2330 ψόγον
725 2290 774 2331 V)
863 2291 924 2328 387
944 2292 1088 2320 κτενεῑτε
1102 2289 1131 2318 V
1219 2298 1282 2328 392
1299 2288 1374 2328 πόμ’
1390 2290 1486 2319 codd.
1502 2300 1508 2319 :

182 2342 265 2363 corr.
287 2332 415 2362 Porson
561 2342 624 2371 393
648 2346 685 2364 τε
702 2343 766 2363 om.
787 2333 832 2363 P:
859 2337 938 2363 ante
957 2336 1054 2373 νεκρῷ
1073 2332 1169 2371 ponit
1188 2332 1214 2362 L
1362 2342 1425 2372 394
1451 2335 1507 2370 σῆς

182 2375 215 2405 in
234 2374 277 2407 εἷς
295 2380 400 2405 mutat
419 2374 461 2404 M¹
477 2385 483 2404 ε
510 2385 575 2406 om.
596 2375 621 2405 L
634 2375 660 2406 P
678 2375 738 2417 (εἷς
757 2376 952 2418 Kirchhoff)
