1683 2732
625 83 1019 121 ANAPOMAXH

162 189 241 236 Πη.
261 186 377 237 οἴμοι·
415 186 493 227 τόδ’
519 186 591 237 ἤδη
617 187 758 228 δεινόν.
830 186 904 240 οὐχ
928 187 1025 227 ὅσον
1049 186 1169 239 τάχος

261 251 491 305 χωρήσεταί
511 270 569 294 τις
595 253 772 303 Πυθικὴν
798 252 894 304 πρὸς
919 253 1055 293 ἑστίαν

263 320 325 359 καὶ
350 318 507 359 τάνθάδ’
532 320 627 359 ὄντα
651 323 733 361 τοῖς
757 320 839 358 ἐκεῖ
860 316 967 368 λέξει
993 319 1139 370 φίλοις,

263 385 353 436 πρὶν
378 384 483 426 παῖδ’
509 384 734 439 Ἀχιλλέως
760 387 966 425 κατθανεῖν
992 385 1145 438 ἐχθρῶν
1169 384 1264 430 ὕπο;

162 480 393 510 ΑΓΓΕΛΟΣ

262 540 359 591 ὤμοι
382 557 461 591 μοι·
751 572 754 575 r
1403 550 1487 583 1070

262 608 345 649 οἵας
371 607 391 646 ὁ
415 605 576 658 τλήμων
601 608 785 660 ἀγγελῶν
811 607 891 658 ἥκω
915 607 1038 661 τύχας

262 675 330 714 σοί
351 673 398 720 τ’,
426 672 455 714 ὦ
480 673 626 726 γεραιέ,
657 675 717 714 καὶ
744 675 904 726 φίλοισι
928 674 1136 715 δεσπότου.

162 742 239 790 Πη.
261 741 355 780 αἰαῖ·
394 741 609 791 πρόμαντις
637 740 756 792 θυμὸς
781 741 832 783 ὥς
856 758 893 781 τι
918 744 1131 796 προσδοκᾷ.

162 808 234 857 Αγ.
262 805 329 846 οὐκ
354 806 441 847 ἔστι
467 823 532 846 σοι
557 810 648 849 παῖς
674 808 823 853 παιδός,
851 808 902 850 ὡς
925 807 1064 863 μάθῃς,
1092 806 1209 859 γέρον

260 875 410 923 Πηλεῦ·
448 873 610 914 τοιάσδε
636 873 858 926 φασγάνων
884 876 1039 926 πληγὰς
1065 873 1150 926 ἔχει

263 943 439 992 Δελφῶν
462 939 527 980 ὑπ’
553 941 704 992 ἀνδρῶν
731 942 792 981 καὶ
819 942 1047 991 Μυκηναίου
1072 939 1198 990 ξένου.
1407 951 1488 984 1075

161 1008 232 1047 Χο.
258 1006 283 1046 ἃ
307 1007 344 1052 ἆ,
371 1008 413 1047 τί
434 1006 606 1059 δράσεις,
634 1005 663 1046 ὦ
689 1007 839 1060 γεραιέ;
877 1007 929 1058 μὴ
955 1006 1093 1063 πέσῃς·

261 1073 396 1125 ἔπαιρε
421 1074 580 1114 σαυτόν.
721 1077 798 1124 Πη.
871 1073 984 1114 οὐδέν
1010 1073 1096 1124 εἶμ’·
1135 1073 1364 1124 ἀπωλόμην.

261 1139 410 1219 φρούδη
437 1141 509 1191 μὲν
537 1139 646 1191 αὐδή,
676 1143 826 1193 φροῦδα
852 1140 884 1179 δ’
909 1139 1031 1192 ἄρθρα
1056 1157 1130 1190 μου
1156 1138 1270 1180 κάτω.

161 1208 232 1258 Αγ.
261 1204 444 1253 ἄκουσον,
474 1208 508 1248 εἰ
535 1208 596 1248 καὶ
624 1210 711 1248 σοῖς
738 1208 873 1259 φίλοις
899 1208 1110 1258 ἀμυναθεῖν

259 1273 428 1347 χρῄζεις,
456 1273 501 1314 τὸ
528 1273 721 1327 πραχθέν,
751 1273 824 1314 σὸν
851 1274 1103 1325 κατορθώσας
1129 1272 1259 1324 δέμας.
1403 1278 1489 1308 1080

161 1337 283 1389 Πη.
260 1343 289 1379 ὠ
314 1343 443 1392 μοῖρα,
472 1357 600 1392 γηρως
626 1340 813 1394 ἐσχάτοις
838 1340 934 1392 πρὸς
959 1339 1148 1393 τέρμασιν

259 1407 322 1446 οἵα
346 1424 395 1458 με
420 1406 488 1447 τὸν
514 1407 708 1458 δύστηνον
734 1407 937 1460 ἀμφιβᾶσ’
963 1408 1079 1461 ἔχεις.

260 1476 341 1515 πῶς
367 1473 398 1513 δ’
426 1474 580 1527 οἴχεταί
601 1491 667 1524 μοι
692 1478 783 1516 παῖς
808 1475 929 1525 μόνου
952 1473 1090 1515 παιδὸς
1114 1474 1250 1525 μόνος;

261 1539 433 1590 σήμαιν’·
472 1541 641 1580 ἀκοῦσαι
665 1540 697 1581 δ’
724 1540 791 1580 οὐκ
817 1540 978 1580 ἀκούσθ’
1004 1541 1107 1591 ὅμως
1133 1539 1249 1581 θέλω,

160 1608 233 1658 Αγ.
260 1607 345 1647 ἐπεὶ
369 1607 414 1647 τὸ
441 1607 596 1648 κλεινὸν
620 1606 794 1658 ἤλθομεν
819 1608 974 1658 Φοίβου
999 1606 1130 1653 πέδον,
1406 1612 1486 1650 1085

259 1677 362 1725 τρεῖς
386 1676 458 1725 μὲν
484 1675 660 1726 φαεννὰς
681 1674 796 1724 ἡλίου
821 1672 1018 1724 διεξόδους

260 1739 330 1794 θέᾳ
354 1740 525 1782 διδόντες
550 1739 690 1791 ὄμματ’
716 1738 1025 1792 ἐξεπίμπλαμεν.

262 1808 323 1847 καὶ
347 1806 453 1846 τοῦθ’
477 1807 652 1847 ὕποπτον
679 1806 726 1857 ἦν
750 1807 823 1859 ἄρ’·
862 1809 916 1848 εἷς
941 1810 982 1848 δὲ
1008 1805 1225 1848 συστάσεις

261 1874 424 1915 κύκλους
448 1873 482 1912 τ’
508 1874 650 1927 ἐχώρει
675 1873 772 1916 λαὸς
798 1873 962 1926 οἰκήτωρ
989 1875 1088 1913 θεοῦ.

260 1939 556 1991 Ἀγαμέμνονος
583 1942 624 1980 δὲ
649 1944 741 1982 παῖς
765 1941 1004 1994 διαστείχων
1029 1941 1147 1980 πόλιν
1405 1952 1487 1983 1090

260 2008 300 2048 ἐς
323 2006 388 2048 οὓς
415 2006 567 2061 ἑκάστῳ
593 2009 800 2058 δυσμενεῖς
825 2008 922 2058 ηὔδα
945 2007 1102 2058 λόγους·

207 2099 286 2137 1067
311 2099 444 2137 πυθικὴν
462 2100 521 2131 ἀνὰ
536 2099 639 2140 χθόνα
655 2099 726 2130 AV
745 2102 844 2137 (corr.
862 2100 916 2139 W)
1071 2109 1154 2137 1070
1179 2099 1213 2130 ἰώ
1229 2111 1282 2138 μοι
1298 2111 1350 2137 μοι
1370 2098 1395 2128 L
1408 2096 1488 2128 PV²

160 2140 311 2181 ἀγγέλων
339 2141 414 2171 MV
440 2152 538 2173 1corr.
565 2142 643 2183 V2):
679 2144 854 2184 ἀγγέλλων
881 2143 954 2173 ΛΟ
1127 2151 1208 2180 1073
1245 2144 1430 2182 προσδοκῶν
1460 2141 1486 2171 Ρ

164 2194 244 2223 1074
270 2185 355 2225 ἔχων
371 2184 442 2215 AV
614 2196 695 2225 1075
721 2197 785 2217 om.
805 2187 882 2217 ΜΟ
900 2186 928 2215 D
1097 2187 1179 2224 1076
1204 2185 1237 2216 αῖ
1252 2185 1286 2217 αῖ
1301 2184 1333 2215 Μ
1453 2184 1487 2216 τί

160 2227 260 2269 δράσῃ
289 2240 311 2259 (Γ
344 2227 375 2258 V
553 2239 636 2268 1079
672 2232 700 2262 εἷ
726 2230 794 2270 καὶ]
821 2232 852 2261 εἴ
873 2233 977 2269 7¹1‚ut
1002 2228 1082 2266 vid.‚
1108 2233 1132 2262 Σ
1266 2227 1425 2267 ἀμυνάθην
1452 2227 1484 2257 Μ

163 2271 246 2301 1080
269 2270 382 2323 χρήζει
395 2271 466 2302 AV
609 2273 687 2303 1081
714 2272 868 2314 ’γῆρας-Ψ
1004 2273 1086 2311 1083
1111 2272 1136 2304 δ’
1152 2282 1216 2304 om.
1231 2272 1257 2301 L
1270 2272 1296 2301 P
1384 2285 1443 2310 μου
1456 2270 1486 2299 V

162 2314 262 2354 (corr.
283 2305 339 2354 vfi)
358 2319 390 2345 et
412 2314 554 2346 fortasse
571 2315 724 2355 primitus
743 2316 775 2346 M
900 2317 981 2354 1084
1007 2314 1136 2347 ἀκοῦστ’
1158 2314 1223 2346 M²z
1249 2314 1357 2347 ἀκοῦσ’
1378 2314 1403 2344 L
1417 2313 1484 2344 ΡΟ
