1683 2732
707 79 1024 117 ΑΛΚΗΣΤΙΣ

207 186 278 224 Φε.
304 181 334 224 ὦ
360 187 441 230 παῖ,
467 182 539 224 τίν’
564 181 711 236 αὐχεῖς,
738 183 883 235 πότερα
908 182 1035 224 Λυδὸν
1059 180 1083 233 ἢ
1109 184 1248 236 Φρύγα
1467 186 1530 228 675

307 254 438 293 κακοῖς
462 250 643 290 ἐλαύνειν
668 249 942 301 ἇργυρώνητον
968 249 1104 296 σέθεν;

306 317 374 357 οὐκ
399 317 516 357 οἶσθα
542 316 763 357 Θεσσαλόν
787 333 836 367 με
862 315 961 356 κάπὸ
987 319 1207 357 Θεσσαλοῦ

307 383 453 436 πατρὸς
477 386 633 436 γεγῶτα
656 383 830 436 γνησίως
856 382 1084 435 ἐλεύθερον,·

306 449 407 503 ἄγαν
430 449 616 502 ὑβρίζεις,
645 450 707 490 καὶ
732 451 890 491 νεανίας
913 450 1058 502 λόγους

304 518 453 568 ῥίπτων
479 518 518 558 ἐς
541 516 642 567 ἡμᾶς
666 516 710 556 οὐ
733 517 877 568 βαλὼν
902 517 1025 558 οὕτως
1049 515 1153 556 ἄπει.
1468 520 1533 551 680

306 584 383 636 ἐγὼ
409 583 451 624 δέ
476 582 515 622 σ’
540 584 658 623 οἴκων
683 584 881 634 δεσπότην
905 582 1116 635 ἐγεινάμην

306 649 484 703 κᾶθρεψ’,
510 651 662 702 ὀφείλω
688 649 720 689 δ’
746 649 821 703 οὐχ
844 650 1130 706 ὑπερθνῄσκειν
1157 648 1288 689 σέθεν·

306 716 351 756 οὐ
374 718 449 769 γὰρ
473 720 655 771 πατρῷον
679 716 784 757 τόνδ’
812 714 1004 767 ἐδεξάμην
1028 717 1163 767 νόμον,

306 784 456 824 παίδων
484 784 748 840 προθνῄσκειν
774 782 958 835 πατέρας,
985 782 1065 823 οὐδ’
1091 782 1343 833 Ἑλληνικόν.

307 854 438 905 σαυτῷ
464 852 539 902 γὰρ
564 851 642 891 εἴτε
667 849 864 903 δυστυχὴς
890 849 960 891 εἴτ’
985 849 1150 903 εὐτυχὴς
1472 853 1533 892 685

307 916 418 969 ἔφυς·
455 917 480 957 ἃ
504 916 537 957 δ’
562 917 672 967 ἡμῶν
697 919 797 970 χρῆν
824 934 871 957 σε
896 916 1121 969 τυγχάνειν,
1149 917 1267 969 ἔχεις.

308 986 472 1023 πολλῶν
496 985 567 1034 μὲν
594 983 741 1036 ἄρχεις,
770 983 1068 1035 πολυπλέθρους
1093 982 1136 1023 δέ
1162 1000 1226 1022 σοι
1251 982 1347 1035 γύας

308 1051 453 1102 λείψω·
490 1049 636 1102 πατρὸς
661 1051 736 1102 γὰρ
761 1049 868 1090 ταῦτ’
894 1047 1084 1100 ἐδεξάμην
1110 1049 1227 1101 πάρα.

308 1118 348 1157 τί
371 1116 468 1167 δῆτά
494 1116 532 1155 σ’
558 1116 741 1166 ἠδίκηκα;
779 1120 847 1156 τοῦ
873 1116 911 1155 σ’
937 1117 1162 1168 ἀποστερῶ,·

308 1184 360 1235 μὴ
387 1182 531 1239 θνῇσχ’
555 1184 651 1236 ὑπὲρ
677 1182 778 1223 τοῦδ’
803 1183 956 1235 ἀνδρός,
983 1182 1062 1223 οὐδ’
1090 1183 1166 1235 ἐγὼ
1192 1181 1266 1234 πρὸ
1293 1185 1378 1221 σοῦ.
1472 1184 1538 1225 690

308 1251 460 1303 χαίρεις
486 1250 586 1302 ὁρῶν
611 1254 709 1302 φῶς·
747 1249 897 1301 πατέρα
921 1249 953 1289 δ’
979 1250 1022 1290 οὐ
1047 1250 1201 1302 χαίρειν
1226 1252 1370 1295 δοκεῖς;
1398 1278 1403 1279 ⁷

309 1316 332 1367 ἦ
355 1316 433 1368 μὴν
458 1316 583 1357 πολύν
607 1333 654 1369 γε
677 1316 746 1357 τὸν
772 1315 873 1356 κάτω
898 1317 1105 1368 λογίζομαι

309 1384 468 1437 χρόνον,
495 1383 539 1423 τὸ
564 1385 605 1423 δὲ
633 1383 702 1433 ζῆν
726 1383 876 1435 μικρόν,
904 1382 996 1423 ἀλλ’
1022 1383 1126 1433 ὅμως
1150 1382 1286 1435 γλυκύ.

311 1452 362 1491 σὺ
386 1454 482 1503 γοῦν
507 1451 674 1492 ἀναιδῶς
698 1449 886 1503 διεμάχου
911 1449 955 1490 τὸ
978 1449 1030 1500 μὴ
1058 1452 1203 1494 θανεῖν,

313 1519 374 1558 καὶ
401 1518 467 1573 ζῇς
491 1517 701 1570 παρελθὼν
725 1517 795 1567 τὴν
820 1516 1078 1568 πεπρωμένην
1103 1516 1240 1569 τύχην,
1476 1518 1539 1559 695

312 1584 455 1635 ταύτην
483 1583 686 1625 κατακτάς·
725 1583 793 1624 εἶτ’
820 1583 917 1634 ἐμὴν
942 1584 1122 1636 ἀψυχίαν

312 1651 458 1704 λέγεις,
484 1652 680 1704 γυναικός,
708 1649 737 1690 ὦ
765 1650 930 1696 κάκισθ’,
957 1649 1199 1701 ἡσσημένος,

312 1717 336 1768 ἣν
361 1722 429 1758 τοῦ
454 1721 576 1758 καλοῦ
601 1721 675 1758 σοῦ
699 1718 916 1770 προύθανεν
942 1718 1114 1763 νεανίου;

315 1789 453 1838 σοφῶς
478 1785 510 1825 δ’
536 1786 703 1837 ἐφηῦρες
729 1785 834 1825 ὥστε
857 1784 909 1836 μὴ
936 1787 1068 1825 θανεῖν
1093 1800 1202 1829 ποτε,

316 1853 350 1893 εἶ
375 1851 446 1902 τὴν
470 1855 675 1904 παροῦσαν
702 1854 905 1892 κατθανεῖν
930 1851 1083 1891 πείσεις
1108 1850 1168 1890 ἀεὶ
1477 1858 1544 1891 700

315 1918 470 1971 γυναῖχ’
495 1919 591 1970 ὑπὲρ
617 1921 704 1958 σοῦ·
743 1917 825 1973 κᾷτ’
850 1918 1049 1967 ὀνειδίζεις
1074 1916 1210 1969 φίλοις

316 1989 397 2027 τοῖς
420 1985 471 2036 μὴ
500 1983 663 2026 θέλουσι
687 1988 781 2037 δρᾶν
805 1984 902 2031 τάδ’,
930 1984 1044 2026 αὐτὸς
1069 1982 1122 2024 ὢν
1148 1982 1282 2027 κακός;

260 2080 324 2119 675
347 2079 399 2110 Cf.
420 2079 480 2111 Ar.
498 2079 560 2110 Av.
583 2090 665 2119 1244
792 2081 856 2119 679
880 2081 963 2119 ἄγαν
978 2077 1011 2118 μ’
1030 2077 1056 2107 L
1181 2077 1244 2106 682
1269 2075 1389 2115 ὀφείλω
1407 2072 1434 2106 δ’
1450 2074 1479 2103 V
1494 2073 1520 2103 B
1538 2084 1544 2102 :

218 2123 357 2164 ὀφείλων
375 2124 400 2153 L
417 2124 443 2154 P
586 2125 652 2155 688
675 2122 766 2155 ταῦτ’
784 2123 932 2162 Purgold
950 2134 956 2152 :
980 2119 1070 2153 ταῦτ’
1089 2120 1186 2150 codd.
1319 2119 1385 2157 689
1407 2118 1545 2155 ἠδίκησα

219 2166 245 2196 L
261 2167 288 2196 P
419 2169 481 2206 691
508 2167 559 2198 Cf.
577 2166 635 2197 Ar.
655 2167 790 2197 Thesm.
814 2177 882 2206 194,
905 2166 989 2196 Nub.
1015 2174 1096 2202 1415
1238 2163 1302 2200 693
1325 2161 1437 2203 μικρόν
1452 2161 1481 2189 V
1496 2160 1521 2188 L
1539 2171 1544 2189 :

219 2209 354 2251 σμικρόν
372 2210 399 2240 Β
416 2211 441 2240 Ρ
530 2212 594 2250 697
620 2209 745 2251 λέγεις]
764 2208 874 2250 ψέγεις
893 2209 1110 2246 Hervngiana
1127 2206 1233 2236 altera
1326 2207 1391 2244 699
1416 2206 1544 2244 ἐφεῦρες

221 2256 310 2286 VB:
344 2255 430 2297 εῧρες
457 2256 521 2285 LP
548 2256 601 2295 (δέ
621 2255 653 2296 γ’
673 2254 758 2288 εὗρες
786 2254 823 2283 L'3
840 2252 892 2282 vel
919 2252 945 2291 l)
1111 2259 1173 2287 700
1205 2250 1326 2281 πείσεις
1351 2251 1396 2281 ἀεὶ
1421 2249 1486 2279 VB
1502 2254 1543 2281 Σῖ

220 2300 363 2331 πείσειας
379 2301 418 2331 ἂν
435 2299 460 2328 L
473 2299 498 2329 P
