1651 2780
592 92 938 132 ΕΥΡΙΠΙΔΟΥ

104 207 177 245 Θε.
202 201 352 256 χαίρων
375 199 438 241 ἴθ’·
474 199 566 250 ἡμῖν
590 200 797 238 δεσποτῶν
820 194 934 247 μέλει
959 192 1069 233 κακά.

107 274 181 322 Ηρ.
203 268 259 309 ὅδ’
285 266 330 308 οὐ
354 267 522 319 θυραίων
548 263 738 316 πημάτων
763 261 876 316 ἄρχει
900 262 1032 314 λόγος.

106 339 177 378 Θε.
206 334 250 375 οὐ
276 333 350 387 γάρ
374 350 411 374 τι
436 330 648 384 κωμάζοντ’
675 330 723 371 ἂν
747 329 927 382 ἠχθόμην
953 326 990 367 σ’
1017 327 1130 378 ὁρῶν.
1369 326 1427 365 815

108 407 182 455 Hp.
204 401 294 442 ἀλλ’
320 399 343 450 ἧ
368 399 544 441 πέπονθα
569 397 662 439 δείν’
687 396 762 438 ὑπὸ
786 395 907 447 ξένων
934 395 1054 445 ἐμῶν,·

108 472 181 511 Θε.
207 467 274 509 οὐκ
298 466 417 518 ἦλθες
441 468 483 507 ἐν
508 465 635 506 δέοντι
661 463 852 515 δέξασθαι
876 462 1022 512 δόμοις.

207 534 349 576 πένθος
373 535 448 586 γὰρ
470 533 562 584 ἡμῖν
588 533 689 573 ἐστι·
729 530 791 570 καὶ
816 527 1013 578 στολμοὺς
1037 525 1205 577 βλέπεις

208 599 514 653 μελαμπέπλους
540 597 681 651 κουράν
705 614 759 638 τε.
833 598 909 647 Hp.
946 594 1003 635 τίς
1029 592 1060 632 δ’
1086 592 1106 631 ὁ
1132 588 1354 637 κατθανών;

208 671 291 720 μῶν
316 664 340 718 ἢ
364 666 509 707 τέκνων
534 683 570 706 τι
597 667 768 717 φροῦδον
791 659 814 713 ἢ
840 660 966 714 γέρων
991 657 1138 711 πατήρ;
1370 659 1434 690 820

112 740 185 777 Θε.
210 734 308 787 γυνὴ
332 736 403 785 μὲν
428 733 496 773 οὖν
521 734 675 772 ὄλωλεν
700 728 907 780 Ἀδμήτου,
933 726 1034 778 ξένε.

114 806 190 855 Ηρ.
209 802 249 842 τί
271 802 368 858 φῄς,·
407 800 541 841 ἔπειτα
567 797 663 848 δῆτά
687 797 725 848 μ’
753 795 958 846 ἐξενίζετε;

114 872 187 910 Θε.
211 868 336 925 ᾐδεῖτο
360 866 436 919 γάρ
461 883 509 907 σε
533 864 646 906 τῶνδ’
671 864 911 904 ἀπώσασθαι
935 861 1077 911 δόμων.

115 940 192 989 Ηρ.
211 933 241 975 ὦ
267 933 436 987 σχέτλι’,
464 934 549 974 οἵας
573 931 777 983 ἤμπλακες
801 928 1003 979 ξυναόρου.

117 1006 188 1043 Θε.
216 1001 486 1051 ἀπωλόμεσθα
510 998 666 1044 πάντες,
693 996 737 1037 οὐ
762 996 867 1045 κείνη
892 994 1004 1045 μόνη.
1377 993 1452 1032 825·

118 1072 193 1122 Hp.
216 1067 307 1109 ἀλλ’
330 1066 508 1124 ᾐσθόμην
533 1067 605 1116 μὲν
630 1063 719 1115 ὄμμ’
747 1063 839 1103 ἰδὼν
864 1061 1124 1112 δακρυρροοῦν

220 1133 358 1187 κουράν
383 1150 426 1174 τε
452 1133 513 1173 καὶ
537 1132 766 1184 πρόσωπον·
804 1126 896 1169 ἀλλ’
922 1125 1054 1168 ἔπειθέ
1077 1141 1125 1176 με

217 1201 348 1254 λέγων
374 1203 532 1252 θυραῖον
560 1201 673 1249 κῆδος
699 1198 738 1239 ἐς
761 1195 889 1247 τάφον
915 1192 1063 1245 φέρειν.

219 1270 291 1322 βίᾳ
315 1269 356 1308 δὲ
383 1270 502 1317 θυμοῦ
527 1264 638 1306 τάσδ’
664 1262 903 1316 ὑπερβαλὼν
928 1260 1056 1301 πύλας

222 1335 356 1376 ἔπινον
381 1333 520 1386 ἀνδρὸς
546 1333 587 1373 ἐν
613 1329 824 1383 φιλοξένου
850 1329 995 1378 δόμοις,
1381 1325 1446 1364 830

223 1401 474 1454 πράσσοντος
498 1400 609 1440 οὕτω.
684 1395 765 1451 κᾷτ’
793 1394 991 1445 ἐκώμαζον
1018 1391 1114 1444 κάρα

225 1467 440 1521 στεφάνοις
463 1466 697 1510 πυκασθείς,·
737 1463 843 1503 ἀλλὰ
870 1464 943 1500 σοῦ
966 1459 1010 1499 τὸ
1034 1458 1085 1510 μὴ
1112 1455 1278 1510 φράσαι,

227 1538 343 1576 κακοῦ
366 1533 557 1574 τοσούτου
583 1531 760 1582 δώμασιν
786 1526 1055 1581 προκειμένου.

227 1605 300 1644 ποῦ
327 1602 393 1642 καί
415 1605 497 1652 σφε
522 1597 678 1644 θάπτει;
717 1600 792 1637 ποῦ
815 1612 876 1636 νιν
902 1592 1055 1645 εὑρήσω
1081 1591 1235 1642 μολώι·;

130 1672 202 1712 Θε.
229 1668 348 1722 ὀρθὴν
371 1666 462 1720 παρ’
487 1665 611 1718 οἶμον,
636 1664 660 1715 ἣ
685 1664 741 1705 ’πὶ
765 1662 945 1715 Λάρισαν
970 1659 1096 1713 φέρει,
1390 1658 1452 1697 835

228 1735 382 1787 τύμβον
408 1733 563 1790 κατόψῃ
589 1731 730 1783 ξεστὸν
757 1732 797 1771 ἐκ
823 1728 1052 1781 προαστίου.

169 1830 232 1867 815
267 1841 298 1859 τι
326 1825 501 1867 κωμάζοντ’
530 1826 568 1858 ἂν
599 1821 747 1865 ἠχθόμην
778 1821 808 1854 σ’
836 1818 929 1851 VB:
967 1830 1003 1849 σε
1033 1812 1208 1855 κωμάζοντ’
1237 1813 1275 1844 ἂν
1307 1810 1455 1851 ἠχθόμην

128 1871 192 1902 LP
222 1870 402 1912 (ἠχθόμηνὲι-
432 1869 473 1907 Ρ)
637 1868 699 1905 817
737 1864 850 1905 δόμους
882 1862 945 1893 LP
1105 1856 1258 1888 818-820
1292 1857 1395 1886 ταῦτα
1421 1852 1456 1885 δὲ

126 1916 168 1947 τὰ
194 1915 266 1957 τρία
292 1912 467 1956 <ἶαμβεῖα>
496 1912 530 1944 ἔν
557 1924 643 1943 τισιν
671 1912 727 1941 οὐκ
756 1909 899 1949 ἔγκειται
930 1904 994 1938 EV
1022 1903 1063 1934 ad
1091 1912 1122 1931 V·
1153 1902 1238 1930 8202
1273 1898 1333 1929 sed
1365 1898 1398 1928 in
1426 1895 1457 1926 V

125 1968 156 1988 v.
187 1959 252 1998 819
282 1963 441 1997 tanquam
474 1957 540 1986 duo
571 1963 691 1985 versus
722 1952 867 1991 scriptus
900 1955 974 1979 est:
1009 1949 1050 1978 τὰ
1077 1945 1151 1987 τρία
1177 1943 1278 1982 igitur
1305 1941 1457 1979 818-819

126 2006 205 2032 sunt
410 2001 475 2031 818
508 1998 668 2037 στολμοὺς
691 2019 699 2026 .
728 2019 734 2025 .
764 2018 771 2026 .
800 1992 914 2033 κουράν
938 1989 1082 2029 Scripsi:
1115 1987 1229 2027 κουρὰν
1253 2008 1259 2015 .
1289 2008 1296 2015 .
1322 2007 1328 2014 .
1357 1989 1456 2015 στολ-

130 2041 205 2082 μούς
221 2041 318 2073 codd.
431 2040 496 2070 820
519 2053 551 2071 τι
563 2041 699 2081 φροῦδον
711 2039 731 2076 ἢ
745 2036 822 2067 BV¹
838 2047 843 2066 :
869 2048 901 2066 τι
918 2035 1054 2075 φροῦδον
1069 2031 1163 2072 ’γένος
1175 2031 1195 2067 ἢ
1208 2029 1238 2059 V
1251 2033 1328 2059 ante
1343 2036 1428 2058 corr.
1447 2035 1454 2056 ε

131 2099 181 2118 τις
207 2088 341 2127 φροῦδος
365 2084 385 2122 ἢ
408 2083 454 2116 L:
483 2097 531 2116 τις
558 2083 578 2122 ἢ
606 2084 738 2124 φροῦδος
764 2081 783 2118 ἢ
810 2078 845 2109 Ρ.
893 2077 1050 2107 Fortasse
1073 2077 1140 2113 μῶν
1163 2072 1203 2110 ἦν
1227 2071 1302 2114 (ἆρα
1333 2070 1455 2111 ἀφανὴς

133 2128 265 2170 ἐγένετό
287 2141 336 2161 τις
359 2131 423 2160 τῶν
447 2128 567 2161 παίδων
583 2127 620 2167 Σ)
787 2124 850 2161 825
877 2120 974 2162 μόνον
993 2119 1018 2149 L
1179 2117 1242 2154 827
1268 2112 1453 2156 πρόσωπον]

132 2172 320 2211 πεπλώματ’
340 2171 471 2202 Mekler
590 2170 664 2202 ἀλλ’
682 2169 762 2209 ὅμως
778 2167 820 2205 V,
837 2174 919 2196 corr.
938 2163 982 2193 V¹
1137 2161 1202 2200 829
1233 2158 1336 2199 τύχας
1353 2156 1456 2189 πύλας

135 2216 183 2248 B:
211 2226 295 2247 corr.
313 2216 331 2246 b
428 2217 489 2255 831
517 2214 588 2247 κᾶτ’
608 2210 769 2252 ἐκώμαζον
786 2210 834 2241 L:
857 2205 1085 2247 κᾶπεκώμαζον
1102 2204 1147 2235 P:
1174 2199 1391 2241 κατακωμάζω
1406 2199 1455 2231 V:

135 2263 218 2293 κᾶτα
233 2259 365 2300 κωμάζω
383 2260 410 2290 Β
580 2259 642 2295 832
667 2258 725 2288 σοῦ
741 2255 779 2287 τὸ
796 2253 839 2294 μὴ
856 2252 951 2283 codd.
970 2255 1004 2281 et
1020 2254 1044 2283 Σ
1220 2247 1283 2285 833
1308 2255 1455 2286 προσκει-

135 2302 231 2343 μένου
263 2304 424 2343 Scaliger.
486 2302 537 2333 Cf.
564 2301 606 2332 ad
628 2310 661 2331 v.
686 2307 746 2338 551
923 2295 985 2333 834
1022 2294 1081 2325 ποῦ
1111 2289 1174 2331 νιν]
1200 2292 1255 2322 ποΐ
1280 2301 1328 2321 νιν
1353 2285 1457 2318 Monk

135 2347 200 2387 835
223 2347 387 2389 Λάρισσαν
403 2346 498 2377 codd.
637 2345 703 2385 836
725 2341 899 2383 προαστίου
917 2339 943 2370 L
956 2339 1033 2380 Bp:
1058 2336 1251 2378 προαστείου
1266 2335 1296 2366 V
1309 2334 1336 2365 P
