1651 2780
607 104 955 143 ΕΎῬΙΠΙΔΟΎ

116 208 178 245 Αι.
218 206 385 248 Πιτθεύς
411 223 468 248 τις
495 207 595 253 ἔστι,
623 210 694 260 γῆς
721 208 824 259 ἄναξ
844 209 1075 260 Τροζηνίας.
1103 239 1112 248 .
1141 240 1147 247 .
1177 239 1185 248 .

115 274 196 322 Μη.
213 276 316 319 παῖς,
345 273 395 315 ὡς
419 272 597 326 λέγουσι,
629 273 827 321 Πέλοπος,
856 274 1162 327 εὐσεβέστατος.

114 342 176 379 Αι.
212 340 336 394 τούτῳ
363 342 454 381 θεοῦ
477 340 681 391 μάντευμα
707 345 895 382 κοινῶσαι
920 341 1035 382 θέλω.
1376 347 1440 387 685

115 409 195 457 Mn.
215 406 345 459 σοφὸς
370 408 445 459 γὰρ
470 407 568 459 ἁνὴρ
595 408 657 448 καὶ
683 409 833 459 τρίβων
858 410 906 449 τὰ
931 408 1075 450 τοιάδε.

114 475 176 513 Αι.
215 474 336 525 κάμοί
356 491 402 526 γε
428 473 586 514 πάντων
613 475 809 527 φίλτατος
834 475 1062 528 δορυξένων.

114 543 196 590 Μη.
215 540 306 581 ἀλλ’
333 540 538 594 εὐτυχοίης
565 541 628 581 καὶ
653 542 788 596 τύχοις
813 543 920 583 ὅσων
946 544 1049 598 ἐρᾷς.

114 610 176 647 Αι.
214 608 254 647 τί
277 609 351 660 γὰρ
378 607 450 648 σὸν
476 609 582 660 ὄμμα
607 609 712 662 χρώς
736 625 778 649 τε
806 608 1015 663 συντέτηχ’
1041 611 1125 656 ὅδε;

115 676 197 724 Μη.
216 675 349 727 Αἰγεῦ,
380 674 566 717 κάκιστός
593 677 686 716 ἐστί
706 693 772 727 μοι
798 675 957 717 πάντων
984 677 1115 719 πόσις.
1377 679 1443 723 690

114 743 177 781 Αι.
215 742 256 782 τί
278 743 376 798 φῄς;
416 746 559 795 σαφῶς
583 759 651 794 μοι
676 744 751 785 σὰς
776 743 937 795 φράσον
963 744 1190 795 δυσθυμίας.

115 810 197 857 Μη.
215 808 342 848 ἀδικεῖ
364 808 403 859 μ’
430 808 575 850 Ἰάσων
600 809 714 850 οὐδὲν
741 808 788 859 ἐξ
811 811 904 861 ἐμοῦ
929 810 1076 851 παθών.

114 876 176 914 Aa.
214 875 256 915 τί
276 892 409 928 χρημα
434 875 602 927 δράσας;
644 876 768 928 φράζε
793 894 859 927 μοι
885 877 1152 929 σαφέστερον.

115 943 196 991 Μη.
215 941 364 993 γυναῖκ’
391 942 456 994 ἐφ’
482 943 574 994 ἡμῖν
601 944 791 984 δεσπότιν
817 945 948 994 δόμων
973 945 1069 998 ἔχει.

115 1011 175 1048 Aa.
216 1008 260 1048 οὔ
286 1024 361 1049 που
385 1008 596 1060 τετόλμηκ’
623 1009 740 1062 ἔργον
767 1011 982 1063 αἴσχιστον
1005 1011 1113 1056 τόδε,·
1377 1014 1440 1055 695

115 1077 196 1125 Mn.
216 1073 315 1127 σάφ’
342 1074 434 1115 ἴσθ’·
473 1075 604 1126 ἄτιμοι
631 1076 662 1115 δ’
691 1078 812 1127 ἐσμὲν
838 1079 874 1117 οἱ
899 1076 974 1129 πρὸ
998 1080 1068 1117 τοῦ
1094 1077 1220 1128 φίλοι.

115 1145 174 1182 Aa.
214 1142 381 1194 πότερον
403 1143 584 1194 ἐρασθεὶς
609 1139 632 1193 ἦ
661 1143 734 1184 σὸν
759 1145 955 1197 ἐχθαίρων
980 1143 1120 1197 λέχος;

116 1211 194 1259 Mn.
213 1208 340 1261 μέγαν
363 1209 401 1262 γ’
427 1209 553 1262 ἔρωτα
577 1210 719 1252 πιστὸς
746 1210 814 1250 οὐκ
841 1210 917 1263 ἔφυ
943 1211 1090 1263 φίλοις.

115 1279 175 1316 Aa.
214 1278 283 1317 ἰ’τω
310 1293 390 1323 νυν,
419 1278 541 1329 εἴπερ,
571 1277 621 1319 ὡς
645 1277 790 1330 λέγεις,
820 1277 931 1318 ἐστὶν
958 1278 1085 1319 κακός.

115 1345 195 1393 Mn.
214 1344 365 1395 ἀνδρῶν
390 1343 592 1395 τυράννων
618 1346 733 1395 κῆδος
756 1343 911 1396 ἠράσθη
938 1348 1095 1396 λαβεῖν.
1377 1356 1443 1388 700

115 1413 175 1450 Aa.
215 1411 354 1450 δίδωσι
380 1410 412 1450 δ’
438 1410 539 1465 αὐτῷ
565 1411 642 1459 τίς,’
681 1411 843 1463 πέραινέ
867 1428 933 1463 μοι
958 1412 1094 1464 λόγον.

115 1479 195 1527 λΙη.
217 1476 364 1529 Κρέων,
393 1476 435 1519 ὃς
460 1477 574 1531 ἄρχει
598 1480 721 1528 τῆσδε
745 1480 818 1531 γῆς
845 1479 1065 1530 Κορινθίας.

113 1546 173 1583 Αι.
216 1546 459 1596 συγγνωστὰ
482 1544 555 1596 μέν
581 1544 664 1596 τᾶρ’
691 1544 738 1595 ἦν
764 1562 812 1586 σε
836 1547 1063 1591 λυπεῖσθαι,
1091 1544 1218 1597 γύναι.

114 1611 195 1660 Μη.
213 1612 362 1651 ὄλωλα·
403 1611 465 1652 καὶ
490 1613 587 1663 πρός
611 1612 648 1664 γ’
675 1611 935 1663 ἐξελαύνομαι
960 1612 1116 1665 χθονός.

114 1680 174 1717 Αι.
213 1677 309 1729 πρὸς
335 1681 422 1726 τοῦς
460 1678 541 1719 τόδ’
567 1678 669 1719 ἄλλο
697 1678 830 1719 καινὸν
856 1679 903 1719 αὗ
927 1678 1060 1731 λέγεις
1086 1679 1218 1719 κακόν.
1375 1691 1438 1723 705

114 1746 195 1794 Μη.
215 1744 350 1796 Κρέων
373 1745 414 1796 μ’
441 1746 598 1786 ἐλαύνει
624 1745 784 1798 φυγάδα
808 1748 881 1798 γῆς
907 1747 1130 1798 Κορινθίας.

114 1813 174 1850 Ac.
214 1812 260 1866 ἐᾷ
284 1811 317 1851 δ’
343 1811 508 1860 Ἰάσων;
547 1812 636 1853 οὐδὲ
662 1812 767 1853 ταῦτ’
794 1814 983 1870 ἐπῄνεσα.

115 1879 196 1927 Μη.
213 1878 322 1933 λόγῳ
347 1881 419 1930 μὲν
445 1879 546 1933 οὐχί,
576 1884 776 1932 καρτερεῖν
803 1882 843 1920 δὲ
868 1880 1074 1931 βούλεται.

156 1972 219 2009 683
243 1970 421 2012 τροιζηνίας
439 1972 533 2003 codd.
663 1973 816 2011 684-686
839 1972 924 2003 Tres
941 1973 1004 2003 hos
1021 1981 1140 2003 versus
1156 1971 1274 2011 Aegeo
1290 1970 1441 2002 tribuunt

112 2012 182 2043 AB
336 2016 398 2053 684
432 2018 505 2048 παῖς
534 2016 559 2047 θ’
589 2017 628 2048 ὡς
655 2015 687 2046 Α
846 2016 911 2046 686
942 2016 1020 2057 ἁνὴρ
1049 2016 1202 2046 Porson:
1238 2016 1316 2055 ἀνὴρ
1343 2014 1438 2045 codd.

111 2057 173 2095 687
200 2058 294 2095 κάμοί
308 2071 347 2099 γε
365 2059 435 2089 AV
448 2059 474 2088 B
492 2070 498 2088 :
524 2060 616 2098 κάμοὶ
634 2059 670 2091 δὲ
690 2059 715 2088 L
727 2059 753 2089 Ρ
899 2061 964 2098 693
990 2059 1205 2098 σεσημείωται
1223 2061 1239 2089 ὁ
1257 2058 1374 2098 στίχος
1391 2058 1439 2089 ὅτι

113 2101 164 2131 καὶ
191 2102 224 2132 ἐν
250 2101 406 2133 Πελιάσιν
432 2103 522 2134 ἐστίν
546 2107 570 2136 Σ
737 2104 802 2141 695
835 2104 872 2134 οὔ
893 2116 953 2134 που
976 2102 1182 2132 Vv’itzschel:
1215 2101 1234 2139 ἦ
1259 2114 1318 2132 που
1341 2101 1439 2132 codd.

114 2143 166 2183 (cf.
189 2148 256 2175 not.
276 2145 317 2174 ad
343 2145 370 2175 1.
383 2145 419 2175 T.
440 2156 514 2184 930,
534 2145 584 2177 El.
604 2146 679 2185 235]
700 2158 706 2176 :
730 2145 750 2183 ἧ
766 2147 829 2187 γὰρ
849 2145 999 2184 Elmsley
1125 2146 1189 2183 696
1212 2143 1293 2185 ἴσθ’]
1311 2143 1438 2176 οῑσθἈ

113 2187 176 2226 698
200 2188 329 2227 πιστὸςὟ
346 2190 459 2221 πιστὸς
473 2190 499 2220 δ
511 2189 550 2220 V.
596 2189 760 2220 Punctum
780 2193 857 2228 post
876 2189 977 2230 ἔρωτα
993 2188 1058 2219 del.
1072 2188 1203 2218 Verrall
1296 2197 1358 2227 703
1381 2187 1440 2227 μέν

111 2231 180 2272 τᾶρ’
199 2230 395 2262 Hermann:
420 2232 480 2271 μὲν
495 2233 558 2274 ’γὰρ
576 2232 660 2264 LP:
685 2246 748 2274 ’γαρ
765 2232 894 2264 AVB
920 2231 1067 2273 ἅγανᾶρ’
1084 2231 1266 2262 Wecklein
1401 2242 1439 2262 σε

112 2276 313 2312 λελυπῆσθαι
331 2275 363 2305 Α
498 2285 560 2314 705
585 2276 623 2307 αὖ
639 2275 762 2317 λέγεις]
781 2276 959 2316 ἀγγέλλεις
975 2275 1006 2306 Α
1138 2276 1200 2314 708
1224 2287 1388 2316 καρτερειν
1404 2273 1439 2311 δὲ

112 2317 267 2354 βούλεται
285 2319 382 2350 codd.
403 2324 436 2349 et
454 2324 476 2352 Σ
498 2320 565 2359 qui
591 2322 756 2361 καρτερεῖν
780 2319 867 2350 idem
884 2319 998 2350 valere
1023 2318 1113 2359 quod
1139 2331 1295 2360 κοιρανειν
1319 2318 1434 2349 dicit

112 2362 222 2403 καρδίᾳ
240 2361 273 2393 δὲ
292 2362 446 2398 βούλεται
464 2376 516 2403 γρ.
535 2368 558 2396 Σ
576 2368 609 2393 et
631 2373 799 2403 suprascr.
817 2374 845 2394 v.
895 2363 1021 2396 §alius
1043 2363 1091 2393 sic
1116 2361 1325 2402 interpungit
1348 2361 1437 2403 λόγῳ

111 2406 180 2445 μέν,
200 2406 271 2445 οὐχὶ
290 2409 454 2448 καρτερεῖν
471 2409 496 2438 δ.
519 2410 550 2442 β.
570 2406 611 2447 (δ’
632 2408 666 2438 οὐ
682 2407 838 2443 βούλεται
858 2367 1002 2446 ΡΟΣΓΞΟΠ]
