1683 2732
652 79 970 116 ΑΛΚΗΣΤῙΣ

255 183 360 236 κάγώ
386 182 419 223 τ’
444 182 492 223 ἂν
516 181 613 232 ἔζων
639 182 701 222 καὶ
727 181 777 222 σὺ
802 180 870 222 τὸν
894 181 1036 222 λοιπὸν
1061 182 1218 234 χρόνον,
1414 194 1476 226 295

254 250 344 290 κούκ
369 249 416 290 ἂν
439 249 627 300 μονωθεὶς
652 250 726 298 σῆς
751 246 945 300 δάμαρτος
970 247 1130 290 ἔστενες

254 318 316 357 καὶ
340 318 480 357 παῖδας
504 313 738 367 ὠρφάνευες.
799 314 906 354 ἀλλὰ
929 317 1051 354 ταῦτα
1075 316 1147 365 μὲν

255 386 354 423 θεῶν
378 399 435 424 τις
461 380 673 434 ἐξέπραξεν
698 380 796 421 ὥσθ’
820 382 942 422 οὕτως
969 381 1088 434 ἔχειν.

255 448 346 490 εῖεν·
385 448 435 489 σὺ
460 451 528 489 νῦν
552 464 617 499 μοι
641 446 754 488 τῶνδ’
779 448 1007 498 ἆπόμνησαι
1030 446 1161 500 χάριν·

254 514 466 565 αἰτήσομαι
489 513 565 566 γάρ
589 513 804 565 σ’-ἀξίαν
828 515 899 564 μὲν
925 514 1078 555 οὔποτε·
1420 527 1481 557 300

255 583 390 634 ψυχῆς
414 582 488 633 γὰρ
513 579 626 621 οὐδέν
651 582 737 621 ἐστι
761 580 1050 633 τιμιώτερον-

256 648 384 688 δίκαια
408 646 454 694 δ’,
482 647 532 689 ὡς
557 645 701 700 φήσεις
726 647 788 687 σύ·
826 647 967 688 τούσδε
992 648 1067 699 γὰρ
1094 649 1226 699 φιλεῖς

204 706 207 709 ’
256 714 329 767 οὐχ
352 714 482 765 ἧσσον
507 710 530 764 ἢ
556 713 626 766 ’γὼ
652 715 805 760 παῖδας,
833 715 941 766 εἴπερ
967 713 1008 754 εὗ
1034 716 1207 765 φρονεῖς·

256 781 415 823 τούτους
440 780 618 834 ἀνάσχου
642 781 839 821 δεσπότας
864 781 967 831 ἐμῶν
992 781 1134 831 δόμων,

259 847 321 888 καὶ
345 847 397 898 μὴ
422 845 607 903 ’πιγήμῃς
631 850 765 888 τοῖσδε
788 848 978 899 μητρυιὰν
1002 846 1163 893 τέκνοις,
1423 860 1482 890 305

259 914 344 964 ἥτις
370 915 513 955 κακίων
538 913 624 954 οῦσ’
651 915 746 965 ἐμοῦ
769 913 866 966 γυνὴ
893 914 1027 968 φθόνῳ

258 983 338 1022 τοῖς
364 984 475 1021 σοῖσι
501 980 635 1031 κᾶμοῖς
659 981 774 1021 παισὶ
798 983 913 1033 χεῖρα
937 982 1176 1032 προσβαλεῖ.

260 1047 312 1098 μὴ
337 1049 434 1097 δῆτα
458 1046 606 1103 δράσῃς
630 1045 752 1087 ταῦτά
776 1045 826 1098 γ’,
854 1047 1036 1097 αἰτοῦμαί
1058 1045 1097 1085 σ’
1125 1045 1215 1099 ἐγώ.

261 1114 384 1166 ἐχθρὰ
407 1115 483 1166 γὰρ
506 1113 529 1165 ἡ
555 1113 713 1154 ’πιοῦσα
736 1114 901 1164 μητρυιὰ
926 1111 1075 1155 τέκνοις

261 1183 342 1222 τοῖς
365 1179 519 1231 πρόσθ’,
548 1180 706 1233 ἐχίδνης
731 1179 843 1220 οὐδὲν
865 1178 1076 1232 ἠπιωτέρα.

262 1246 324 1286 καὶ
347 1249 438 1288 παῖς
461 1248 532 1297 μὲν
557 1246 683 1298 ἅρσην
707 1245 842 1297 πατέρ’
867 1245 951 1299 ἕχει
976 1246 1122 1298 πύργον
1147 1245 1284 1299 μέγαν,

262 1309 321 1364 [ὃν
347 1313 408 1353 καὶ
433 1315 625 1364 προσεῖπε
651 1313 713 1353 καὶ
738 1311 986 1365 προσερρήθη
1012 1311 1163 1365 πάλιν.]

262 1379 313 1421 σὺ
338 1378 386 1426 δ’,
411 1378 440 1420 ὦ
465 1378 602 1422 τέκνον
627 1396 705 1430 μοι,
732 1383 815 1421 πῶς
840 1377 1056 1436 κορευθήσῃ
1084 1382 1229 1426 καλῶς;

263 1447 376 1488 ποίας
399 1449 575 1499 τυχοῦσα
599 1446 768 1498 συζύγου
791 1449 844 1501 τῷ
871 1449 929 1500 σῷ
954 1446 1089 1498 πατρί;

262 1512 314 1564 μή
340 1514 409 1554 σοί
429 1512 501 1554 τιν’
527 1514 699 1566 αἰσχρὰν
723 1515 1018 1564 προσβαλοῦσα
1043 1513 1213 1563 κληδόνα
1428 1524 1488 1555 315

264 1580 368 1630 ἥβης
393 1581 435 1620 ἐν
460 1580 561 1636 ἀκμῇ
589 1579 683 1621 σοὺς
708 1581 916 1635 διαφθείρῃ
941 1578 1102 1631 γάμους.

264 1646 309 1687 οὐ
333 1645 408 1699 γάρ
433 1663 481 1687 σε
505 1645 630 1699 μήτηρ
656 1647 745 1688 οὔτε
769 1646 989 1699 νυμφεύσει
1013 1648 1108 1687 ποτὲ

266 1712 345 1753 οὔτ’
371 1715 412 1753 ἐν
436 1714 589 1754 τόκοισι
614 1716 726 1754 σοῖσι
750 1716 948 1766 θαρσυνεῖ,
976 1712 1125 1759 τέκνον,

1446 1190 1484 1213 10

1421 1188 1438 1222 (h)

267 1779 445 1832 παροῦσ’,
473 1779 522 1821 ἵν’
548 1779 660 1821 οὐδὲν
683 1780 827 1833 μητρὸς
853 1778 1147 1831 εὐμενέστερον.

267 1849 328 1887 δεῖ
348 1847 422 1899 γὰρ
449 1848 580 1888 θανεῖν
604 1863 665 1898 με·
705 1847 767 1887 καὶ
791 1846 871 1887 τόδ’
897 1845 965 1886 οὐκ
989 1847 1030 1888 ἐς
1053 1846 1186 1898 αὔριον
1431 1857 1492 1887 320

268 1912 348 1952 οὐδ’
374 1914 414 1955 ἐς
438 1914 571 1966 τρίτην
594 1930 660 1964 μοι
683 1913 806 1965 μηνὸς
831 1914 987 1966 ἔρχεται
1013 1913 1144 1957 κακόν,

269 1978 361 2019 ἀλλ’
388 1979 508 2020 αὐτίκ’
535 1981 576 2021 ἐν
601 1984 682 2023 τοῖς
708 1980 833 2021 οὐκέτ’
859 1980 948 2020 οῦσι
973 1978 1152 2029 λέξομαι.

214 2080 277 2110 295
302 2070 380 2110 ἔζων
403 2072 455 2102 V:
488 2071 562 2112 ἔζην
585 2076 618 2103 et
642 2071 720 2112 ἔζων
744 2072 793 2103 L:
827 2071 901 2112 ἔζην
926 2071 993 2102 BP
1016 2075 1049 2101 et
1073 2070 1217 2109 Etymol.
1247 2069 1290 2100 M.
1318 2079 1348 2109 p.
1375 2079 1447 2109 413,
1472 2078 1494 2107 9

172 2115 235 2153 298
259 2113 677 2156 ‘’ge'wpa55vLPsuprascr.
692 2126 729 2148 v:
753 2115 885 2157 ἔπραξεν
895 2115 939 2145 V:
957 2113 1262 2155 εἷσέπραξενΒΟΙ)
1351 2123 1415 2151 299
1439 2114 1494 2143 νῦν

173 2171 223 2197 μοι
240 2157 292 2188 V:
314 2170 367 2197 μοι
383 2160 438 2190 νῦν
454 2158 481 2188 Β
494 2158 524 2190 O
539 2159 591 2189 D:
623 2159 661 2197 δή
677 2172 730 2199 μοι
748 2158 797 2189 L:
829 2159 856 2190 δ’
873 2159 949 2198 ἡμῖν
968 2157 994 2187 Ρ
1156 2166 1218 2195 304
1246 2159 1311 2188 τῶν
1329 2158 1411 2195 ἐμῶν
1430 2155 1455 2184 L
1467 2154 1493 2184 P

172 2210 238 2240 310
266 2200 346 2232 Post
371 2201 500 2241 ἐχίδνης
524 2203 550 2234 δ’
573 2211 739 2241 suprascr.
757 2201 795 2231 V¹
929 2210 993 2240 312
1022 2200 1087 2231 del.
1113 2199 1277 2230 Pierson:
1318 2199 1435 2229 habuit
1459 2201 1493 2230 Σ.

172 2243 222 2274 Cf.
245 2252 304 2283 ¹95
505 2246 568 2283 318
600 2248 686 2277 σοῖσι
711 2248 861 2285 θαρσυνεῖ
879 2244 994 2276 τέκνον
1012 2243 1097 2274 LP:
1127 2246 1214 2275 τοῖσι
1237 2245 1322 2274 σοῖσι
1347 2243 1496 2283 θαρσυνεῖ

168 2291 197 2322 V
211 2290 237 2320 B
371 2298 431 2328 321
458 2291 578 2328 σμῆνος
595 2288 726 2331 ἔρχεται
746 2290 851 2320 κακῶν
870 2287 1002 2317 Naber:
1030 2285 1112 2316 nihil
1130 2287 1323 2317 mutandum
1342 2287 1475 2316 videtur
1491 2298 1497 2316 :

168 2335 266 2374 μηνὸς
291 2332 404 2363 habuit
429 2337 452 2365 Σ
615 2340 689 2370 321⁷
711 2341 773 2370 322
806 2331 838 2360 in
864 2335 958 2360 textu
983 2339 1048 2360 om.
1068 2329 1099 2360 in
1127 2340 1229 2368 marg.
1247 2330 1341 2359 inser.
1363 2330 1437 2360 add.
1460 2330 1494 2359 l.¹

170 2387 234 2416 322
258 2376 368 2416 μηκέτ’
385 2375 454 2405 VB

371 2502 390 2515 Ι
