1651 2780
139 409 210 446 Xo.

141 542 209 579 Αδ.

631 104 976 143 ΕΎῬῙΠῘΔΟΎ

237 207 442 259 χαίροντες
469 206 762 259 εὐφραίνοισθε·
801 208 864 248 καὶ
890 209 953 248 σοὶ
977 207 1061 258 μέν,
1089 209 1196 254 πόσι,

238 273 386 325 γυναῖκ’
412 274 577 326 ἀρίστην
604 274 691 314 ἔστι
718 274 917 325 κομπάσαι
941 278 1099 326 λαβεῖν,

236 340 326 390 ὑμῖν
351 340 405 386 δέ,
433 343 580 386 παῖδες,
607 341 754 392 μητρὸς
779 341 1053 394 ἐκπεφυκέναι.

238 405 388 458 θάρσει·
426 407 501 459 πρὸ
526 407 662 446 τούτου
687 409 764 459 γὰρ
787 407 922 460 λέγειν
946 408 1019 462 οὐχ
1045 409 1197 460 ἅζομαι·

239 471 377 524 δράσει
401 472 496 519 τάδ’,
524 475 632 525 εἴπερ
656 473 708 524 μὴ
735 478 891 526 φρενῶν
915 475 1141 527 ἁμαρτάνει.

238 539 351 579 ἔσται
375 539 457 579 τάδ’
484 540 608 586 ἔσται,
636 540 688 591 μὴ
713 540 870 597 τρέσῃς·
909 543 994 582 ἐπεὶ
1020 542 1058 581 σ’
1087 543 1163 594 ἐγὼ

241 606 302 646 καὶ
329 606 460 656 ζῶσαν
485 605 595 660 εἶχον
621 608 684 648 καὶ
709 607 870 648 θανοῦσ’
898 608 970 659 ε’μὴ
995 609 1091 661 γυνὴ

239 673 338 724 μόνη
367 672 553 730 κεκλήσῃ,
582 674 711 717 κοῦτις
736 675 823 715 ἀντὶ
849 678 922 715 σοῦ
946 692 1039 716 ποτε

239 739 344 780 τόνδ’
368 739 490 793 ἄνδρα
514 741 646 793 νύμφη
674 743 884 784 Θεσσαλὶς
907 742 1242 796 προσφθέγξεται.

240 806 307 847 οὐκ
333 806 442 848 ἔστιν
468 808 588 849 οὕτως
613 808 702 849 οὔτε
727 809 874 861 πατρὸς
899 809 1078 862 εὐγενοῦς

240 873 320 914 οὔτ’
347 873 447 916 εἶδος
471 874 604 917 ἄλλως
629 875 924 927 ἐκπρεπεστάτη
950 875 1059 929 γυνή.

241 940 330 983 ἅλις
355 943 396 981 δὲ
421 942 583 981 παίδων·
621 942 733 982 τῶνδ’
759 943 898 993 ὄνησιν
925 943 1088 996 εὔχομαι

243 1010 346 1049 θεοῖς
372 1007 572 1060 γενέσθαι·
613 1011 684 1048 σοῦ
708 1010 783 1061 γὰρ
809 1009 877 1048 οὐκ
901 1008 1095 1059 ὠνήμεθα.

243 1075 342 1114 οἴσω
367 1076 408 1115 δὲ
433 1074 576 1116 πένθος
599 1074 667 1114 οὐκ
691 1073 849 1124 ἐτήσιον
874 1075 918 1115 τὸ
944 1076 1032 1122 σόν,

243 1139 336 1180 ἀλλ’
362 1140 446 1182 ἔστ’
473 1140 521 1181 ἂν
545 1142 641 1182 αἰὼν
666 1141 783 1192 οὑμὸς
806 1141 967 1198 ἀντέχῃ,
992 1142 1120 1195 γύναι,

244 1211 401 1260 στυγῶν
426 1210 498 1259 μὲν
523 1208 548 1258 ἥ
571 1208 610 1259 μ’
637 1208 796 1254 ἔτικτεν,
825 1209 1020 1261 ἐχθαίρων
1044 1208 1078 1250 δ’
1103 1207 1199 1260 ε’μὸν

243 1274 406 1326 πατέρα·
442 1275 550 1329 λόγῳ
577 1276 652 1327 γὰρ
677 1274 782 1325 ἦσαν
806 1275 876 1315 οὐκ
900 1275 1001 1330 ἔργῳ
1027 1277 1154 1327 φίλοι.

246 1341 296 1381 σὺ
322 1341 355 1381 δ’
380 1342 593 1382 ἆντιδοῦσα
617 1344 686 1392 τῆς
710 1343 804 1392 ἐμῆς
829 1343 876 1382 τὰ
901 1343 1076 1393 φίλτατα

244 1410 380 1461 ψυχῆς
405 1408 577 1450 ἔσωσας.
649 1407 724 1459 ἆρά
747 1425 813 1459 μοι
839 1407 994 1449 στένειν
1018 1408 1123 1460 πάρα

244 1474 396 1515 τοιᾶσδ’
422 1474 685 1526 ἁμαρτάνοντι
711 1475 879 1527 συζύγου
905 1474 1042 1522 σέθεν;

245 1541 385 1582 παύσω
410 1544 452 1582 δὲ
477 1542 627 1592 κώμους
653 1546 865 1593 συμποτῶν
890 1541 924 1582 θ’
949 1543 1106 1592 ὁμιλίας

247 1607 470 1660 στεφάνους
493 1625 535 1649 τε
559 1608 712 1659 μοῦσάν
737 1608 770 1648 θ’
795 1608 818 1658 ἦ
846 1608 992 1661 κατεῖχ’
1019 1608 1134 1659 ἐμοὺς
1159 1609 1311 1660 δόμους.

245 1675 290 1715 οὗ
316 1674 390 1727 γάρ
416 1675 500 1716 ποτ’
527 1674 605 1715 οὔτ’
631 1675 679 1716 ἂν
704 1675 902 1727 βαρβίτου
929 1675 1072 1727 θίγοιμ’
1100 1676 1156 1716 ἔτι

247 1741 327 1782 οὔτ’
352 1741 398 1783 ἂν
425 1741 536 1794 φρέν’
564 1741 755 1793 ἐξαίροιμι
779 1741 876 1793 πρὸς
899 1742 1029 1793 Λίβυν
1053 1746 1191 1782 λακεῖν

248 1808 384 1849 αὐλόν·
423 1809 472 1849 σὺ
496 1808 571 1860 γάρ
594 1825 668 1859 μου
692 1808 834 1860 τέρψιν
861 1807 1013 1859 ἐξείλου
1039 1810 1143 1859 βίου.

247 1880 357 1932 σοφῇ
382 1877 423 1916 δὲ
446 1876 551 1928 χειρὶ
575 1876 768 1916 τεκτόνων
792 1874 910 1926 δέμας
933 1875 978 1915 τὸ
1002 1875 1077 1916 σὸν

249 1943 431 1982 εἰκασθὲν
457 1943 499 1982 ἐν
522 1941 747 1994 λέκτροισιν
773 1940 1042 1991 ἐκταθήσεται,

249 2006 277 2063 ᾧ
304 2011 609 2060 προσπεσοῢμαι
635 2009 697 2049 καὶ
721 2008 1002 2060 περιπτύσσων
1025 2006 1145 2060 χέρας

249 2076 374 2125 ὄνομα
400 2078 530 2115 καλῶν
556 2074 629 2115 σὸν
654 2075 725 2125 τὴν
751 2076 875 2126 φίλην
900 2076 942 2115 ἐν
968 2073 1159 2126 ἀγκάλαις

249 2139 350 2191 δόξω
376 2145 541 2194 γυναῖκα
567 2142 704 2193 καίπερ
731 2141 799 2181 οὐκ
825 2142 929 2194 ἔχων
953 2140 1074 2194 ἔχειν·

249 2209 412 2261 ψυχρὰν
436 2208 522 2259 μέν,
549 2209 669 2260 οἶμαι,
697 2207 852 2260 τέρψιν,
880 2206 971 2248 ἀλλ’
997 2208 1100 2258 ὅμως
1124 2206 1248 2259 βάρος

1406 356 1464 386 3²5

1407 689 1468 720 330

1407 1021 1468 1053 335

1409 1354 1472 1386 340

1411 1687 1472 1719 345

1412 2020 1475 2051 350

194 2300 259 2338 326
280 2301 342 2340 οὐχ
353 2299 586 2340 ἅζομαινΒΣι
612 2302 646 2332 οὐ
657 2299 796 2341 χάζομαι
810 2299 870 2330 LP
958 2309 1020 2339 327
1043 2301 1163 2341 ἤνπερ.
1183 2323 1189 2330 .
1211 2322 1217 2328 .
1238 2298 1402 2341 ἁμαρτάνῃ
1416 2298 1477 2330 LP

151 2353 215 2382 329
240 2342 316 2383 ἐμὴ]
330 2345 405 2383 ἐμοῦ
419 2343 445 2373 Β
458 2344 488 2374 Ο
502 2344 531 2373 D

153 2385 257 2424 στάτη
275 2386 305 2416 V
316 2386 342 2416 B

630 2353 693 2382 333
718 2343 961 2384 ἐκπρεπεστάτη
976 2344 1002 2373 L
1013 2344 1037 2373 P
1052 2343 1093 2381 (P
1107 2346 1140 2374 ἐκ
1154 2343 1185 2372 in
1201 2344 1281 2380 ras.)
1294 2354 1301 2372 :
1326 2344 1475 2384 εὐπρεπε-

469 2388 534 2426 346
559 2386 695 2428 ἐξάροιμι
716 2386 740 2416 L
752 2386 778 2417 P
793 2398 799 2416 2
823 2386 994 2417 Aoristum
1012 2391 1035 2419 Σ
1052 2397 1057 2417 :
1085 2386 1222 2427 ἐξάραιμι
1239 2385 1431 2417 Wakefield
