1683 2732
725 83 977 123 ΜΗΔΕῘΑ

290 181 409 221 πόσιν
435 183 637 234 πρίασθαι,
664 186 862 237 δεσπότην
887 204 929 228 τε
954 189 1135 239 σώματος

288 251 446 298 λαβεῖν·
486 254 604 290 κακοῦ
626 252 702 303 γὰρ
725 252 829 292 τοῦτ’
856 253 910 293 ἔτ’
935 254 1077 307 ἄλγιον
1103 258 1232 298 κακόνο

287 314 358 354 κάν
383 314 471 370 τῷδ’
496 316 603 368 ἀγὼν
626 317 828 370 μέγιστος,
854 317 878 371 ἦ
904 321 1022 362 κακὸν
1045 326 1192 373 λαβεῖν
1452 340 1513 371 235

285 376 308 430 ἢ
334 383 522 434 χρηστόν.
593 384 638 424 οὐ
663 386 737 437 γὰρ
763 387 936 429 εὐκλεεῖς
960 389 1192 442 ἀπαλλαγαὶ

286 447 474 499 γυναιξίν,
501 449 582 489 οὐδ’
608 452 692 492 οἶόν
715 451 748 492 τ’
774 452 995 504 ἀνήνασθαι
1020 456 1155 498 πόσιν.

285 515 327 556 ἐς
350 517 464 556 καινὰ
487 515 520 556 δ’
545 516 618 568 ἤθη
646 519 707 559 καὶ
730 520 873 570 νόμους
897 522 1123 574 ἀφιγμένην

285 583 348 621 δεῖ
366 581 506 632 μάντιν
531 583 642 630 εῖναι,
668 585 720 636 μὴ
744 590 951 637 μαθοῦσαν
976 590 1142 636 οἴκοθεν,

284 647 359 702 ὅτῳ
383 647 560 699 μάλιστα
583 651 777 704 χρήσεται
801 652 1021 712 ξυνευνέτῃ.
1450 673 1512 704 240

284 713 356 755 κᾶν
378 717 450 766 μὲν
475 716 559 756 τάδ’
583 718 675 769 ἡμῖν
700 720 1049 772 ἐκπονουμέναισιν
1074 723 1115 763 εὖ

284 781 401 824 πόσις
425 781 584 841 ξυνοικῇ
608 785 660 836 μὴ
686 787 759 841 βίᾳ
784 787 918 841 φέρων
945 790 1073 842 ζυγόν,

284 848 456 898 ζηλωτὸς
481 850 590 892 αἰών·
629 853 663 892 εἰ
688 855 729 893 δὲ
753 853 820 905 μή,
847 858 980 897 θανεῖν
1005 858 1146 910 χρεών.

283 915 381 968 ἀνὴρ
405 915 451 962 δ’,
479 917 574 958 ὅταν
597 923 680 961 τοῖς
705 920 817 962 ἔνδον
841 922 1011 976 ἄχθηται
1035 922 1172 974 ξυνών,

281 981 355 1032 ἔξω
380 985 516 1033 μολὼν
540 984 690 1027 ἔπαυσε
715 990 875 1039 καρδίαν
898 989 1011 1040 ἄσης·
1447 1007 1506 1037 245

280 1045 319 1099 [ἢ
344 1049 440 1101 πρὸς
465 1051 586 1102 φίλον
610 1052 682 1093 τιν’
708 1050 731 1103 ἦ
756 1055 853 1106 πρὸς
877 1056 994 1106 ἥλικα
1018 1056 1204 1110 τραπείς]

280 1115 372 1166 ἡμῖν
397 1116 430 1155 δ’
455 1117 604 1170 ἀνάγκη
632 1119 728 1171 πρὸς
751 1122 845 1171 μίαν
868 1123 1006 1176 ψυχὴν
1030 1123 1213 1174 βλέπειν.

280 1181 446 1234 λέγουσι
471 1183 504 1223 δ’
529 1185 630 1235 ἡμᾶς
655 1186 706 1228 ὡς
731 1188 936 1230 ἀκίνδυνον
960 1190 1054 1241 βίον

281 1249 405 1299 ζῶμεν
431 1250 512 1290 κατ’
537 1253 679 1299 οἴκους,
707 1254 743 1294 οἳ
767 1256 809 1294 δὲ
833 1255 1050 1308 μάρνανται
1073 1259 1171 1310 δορί·

280 1320 406 1358 κακῶς
430 1322 680 1369 φρονοῦντες·
718 1320 769 1363 ὡς
793 1322 875 1373 τρὶς
900 1322 948 1363 ἂν
973 1323 1062 1376 παρ’
1087 1325 1237 1365 ἀσπίδα
1442 1340 1506 1371 250

278 1385 421 1433 στῆναι
445 1383 595 1436 θέλοιμ’
620 1385 668 1427 ἂν
691 1390 848 1438 μᾶλλον
873 1385 896 1439 ἢ
921 1393 1048 1431 τεκεῖν
1073 1389 1191 1441 ἅπαξ.

343 1450 436 1491 ἀλλ’
461 1451 506 1491 οὐ
529 1453 604 1505 γὰρ
629 1454 744 1497 αὑτὸς
768 1455 865 1507 πρὸς
890 1458 938 1497 σὲ
965 1456 1053 1508 κᾶμ’
1076 1458 1162 1508 ἥκει
1184 1459 1318 1512 λόγος·

277 1517 344 1558 σοὶ
367 1519 440 1568 μὲν
465 1519 580 1561 πόλις
606 1519 641 1559 θ’
666 1521 724 1571 ἥδ’
751 1522 837 1563 ἐστὶ
862 1523 925 1564 καὶ
950 1524 1097 1577 πατρὸς
1122 1526 1235 1576 δόμοι

275 1584 369 1634 βίου
393 1584 428 1624 τ’
451 1587 588 1637 ὄνησις
613 1588 675 1628 καὶ
700 1589 832 1641 φίλων
857 1592 1061 1638 συνουσία,

276 1651 354 1703 ἐγὼ
379 1651 412 1691 δ’
437 1652 579 1704 ἕρημος
601 1653 743 1697 ἄπολις
768 1656 854 1696 οῧσ’
879 1658 1089 1710 ὑβρίζομαι
1440 1675 1502 1706 255

275 1717 372 1770 πρὸς
396 1718 548 1771 ἀνδρός,
576 1722 618 1761 ἐκ
644 1724 716 1774 γῆς
740 1723 951 1777 βαρβάρου
974 1726 1220 1782 λελῃσμένη,

273 1784 318 1824 οὐ
341 1784 488 1838 μητέρ’,
515 1786 583 1827 οὐκ
607 1789 797 1842 ἀδελφόν,
825 1790 913 1845 οὐχὶ
939 1797 1112 1846 συγγενῆ

273 1854 591 1904 μεθορμίσασθαι
615 1856 728 1906 τῆσδ’
753 1857 903 1911 ἔχουσα
929 1863 1149 1913 συμφορᾶς.

216 1953 279 1982 234
312 1945 401 1976 τοῦτ’
427 1945 473 1977 ἔτ’
499 1946 656 1977 Brunck:
686 1950 775 1981 τοῦτ’
799 1949 892 1980 AV:
919 1954 977 1983 τοῦ
1001 1951 1028 1984 δ’
1054 1952 1100 1984 ἔτ’
1126 1953 1207 1985 ῙιΡῑ
1236 1954 1334 1986 Τῡῧτό
1356 1955 1390 1996 '7'
1416 1955 1443 1985 B
1468 1960 1501 1987 et

174 1985 268 2019 Stob.
289 1997 340 2026 73.
360 1998 400 2027 27
420 1990 491 2027 (τοῦ
506 1991 538 2031 7²
556 1991 665 2021 codex
681 1991 712 2022 A
730 1993 883 2033 Stobaei)
901 2005 908 2024 ι
932 1995 999 2027 τόδ’
1018 1995 1130 2027 Haun.
1298 2008 1359 2036 235
1384 2002 1501 2036 λαβεῖν

175 2029 201 2059 L
215 2030 241 2059 P
280 2041 449 2070 suprascr.
487 2044 507 2064 v
524 2044 530 2063 :
570 2034 658 2076 λάβῃ
697 2036 728 2066 Α
741 2036 771 2066 V
785 2037 812 2066 B
998 2049 1062 2078 240
1101 2040 1179 2080 ὅτῳ]
1220 2041 1302 2073 ὅπως
1343 2042 1500 2073 Meineke

173 2083 236 2112 243
258 2074 378 2115 χρεών]
402 2075 495 2117 χάρις
515 2075 696 2108 Wecklein
831 2091 893 2120 244
918 2092 982 2113 om.
1006 2082 1036 2112 A
1170 2093 1233 2122 245
1259 2085 1337 2123 ἄσης
1356 2085 1426 2115 ΑΒ
1441 2086 1474 2116 L¹
1493 2098 1500 2117 ε

173 2117 251 2155 ἄτης
267 2117 319 2148 V:
351 2119 455 2157 ἄσσης
479 2119 529 2150 P:
562 2122 645 2160 ἄσην
667 2123 821 2161 primitus
843 2124 891 2155 L:
924 2126 1052 2165 καρδίας
1073 2127 1156 2164 ἄσην
1175 2127 1443 2167 Olympiodorus
1465 2130 1497 2159 in

174 2159 260 2191 Plat.
278 2160 388 2192 Alcib.
406 2172 436 2201 p.
461 2163 522 2193 188
667 2167 732 2205 246
755 2168 926 2198 damnavit
942 2168 1172 2200 Wilamovvitz
1264 2172 1376 2213 φίλον]
1395 2173 1499 2213 φίλων

173 2203 363 2242 primitusL
375 2208 409 2234 et
423 2204 646 2248 Haun.²(non
662 2207 707 2248 D)
777 2209 891 2247 ἥλικας
910 2210 1039 2242 Porson
1057 2212 1105 2253 (et
1119 2212 1272 2255 Haun.):
1289 2215 1386 2253 ἥλικα
1398 2217 1493 2247 codd.

174 2247 292 2286 4421ka
310 2269 316 2277 .
338 2270 344 2277 .
363 2272 369 2278 .
387 2249 509 2286 ἡλίκων
527 2251 707 2293 Headlam)
864 2264 927 2293 252
959 2257 1054 2288 αὑτὸς
1071 2266 1239 2296 suprascr.
1260 2258 1300 2288 A*
1316 2259 1351 2289 L'
1368 2271 1374 2290 :
1403 2261 1498 2291 αὐτὸς

173 2290 270 2321 codd.
361 2301 423 2330 253
446 2292 540 2325 πόλις
557 2296 582 2326 θ’
597 2294 628 2325 Α
641 2296 667 2326 L
680 2296 706 2326 P
721 2308 728 2327 :
751 2297 845 2330 πόλις
860 2298 886 2328 Β
901 2310 907 2328 z
932 2299 995 2340 γὰρ
1011 2299 1105 2332 πόλις
1119 2301 1149 2331 V
1239 2311 1301 2340 254
1327 2302 1495 2342 συνουσία]

172 2334 319 2366 κοινωνία
335 2344 503 2374 suprascr.
525 2337 551 2367 B
567 2351 618 2378 γρ.
635 2339 667 2368 Α
786 2351 847 2379 257
874 2341 963 2381 οὐχὶ]
981 2342 1053 2374 οὐδὲ
1073 2343 1099 2373 L
1112 2343 1138 2373 P
