1683 2732
674 81 924 118 ΚὙΚΛΩΨ

237 180 285 234 ἣν
310 183 343 223 δ’
369 184 537 239 ἐλλίπῃς
561 198 609 229 τι,
637 181 797 233 ξηρανεῖ
821 182 859 220 σ’
885 183 904 221 ὁ
932 182 1113 236 Βάκχιος.
1401 197 1461 230 575

142 253 212 292 Κυ.
240 251 299 291 ἰοὺ
325 250 395 296 ἰού,

240 317 291 359 ὡς
316 316 504 367 ἐξένευσα
527 316 655 368 μόγις’
693 314 860 367 ἄκρατος
884 316 906 366 ἡ
932 315 1059 368 χάρις.

240 384 261 423 ὁ
285 382 316 423 δ’
343 383 505 435 οὐρανός
528 399 594 434 μοι
618 381 939 434 συμμεμιγμένος
963 386 1071 423 δοκεῖ

238 456 286 507 τῇ
309 456 361 507 γῇ
386 449 592 503 φέρεσθαι,
620 453 688 489 τοῦ
714 449 811 490 Διός
836 466 878 490 τε
903 449 971 490 τὸν
996 450 1135 502 θρόνον

235 517 412 562 λεύσσω,
439 516 483 556 τὸ
508 519 586 556 πᾶν
610 533 653 556 τε
678 516 873 566 δαιμόνων
899 516 1020 568 ἁγνὸν
1047 516 1186 568 σέβας.
1397 524 1461 562 580

236 583 363 623 -οὐκ
387 583 435 623 ἂν
460 581 790 635 φιλήσαιμἾ-ῇαὶ
817 582 985 635 Χάριτες
1010 585 1179 636 πειρῶσί
1200 601 1321 634 pte——

237 649 325 692 ἅλις
352 649 581 701 Γανυμήδην
606 649 710 691 τόνδ’
736 649 841 702 ἔχων
868 650 1159 701 ἀναπαύσομαι.

237 716 448 763 κάλλιστα,
476 716 520 767 νὴ
546 718 616 759 τὰς
642 716 1032 769 Χάριταςῂῆδομαι
1057 716 1099 758 δέ
1123 735 1206 759 πως

234 788 317 826 τοῖς
341 787 558 825 παιδικοῖσι
582 787 739 835 μᾶλλον
764 781 786 834 ἣ
812 788 894 826 τοῖς
920 783 1097 834 θήλεσιν.

136 853 196 891 Σι.
237 851 314 903 ἐγὼ
339 852 414 903 γὰρ
439 852 459 890 ὁ
485 851 582 893 Διός
608 852 686 902 εἶμι
712 850 953 902 Γανυμήδης,
982 852 1181 904 Κύκλωψ;
1399 858 1458 897 585

136 915 206 958 Κυ.
233 918 295 958 ναὶ
319 919 374 968 μὰ
401 917 483 963 Δί’,
512 916 554 957 ὃν
581 917 740 969 ἁρπάζω
766 917 802 970 γ’
829 919 906 970 ἐγὼ
932 917 965 958 ’κ
989 922 1056 958 τοῦ
1083 918 1302 970 Δαρδάνου,

135 987 194 1024 Σι.
235 985 438 1030 ἀπόλωλα,
465 987 612 1025 παῖδες·
652 983 824 1038 σχέτλια
849 985 1037 1035 πείσομαι
1064 985 1173 1026 κακά.

136 1053 206 1091 Κυ.
231 1050 370 1107 μέμφῃ
394 1050 462 1091 τὸν
487 1050 659 1103 ἐραστὴν
685 1052 910 1106 κάντρυφᾷς
934 1052 1151 1098 πεπωκότι;

135 1119 193 1157 Σι.
233 1119 350 1168 οἴμοι·
388 1118 621 1169 πικρότατον
647 1118 750 1158 οἶνον
776 1120 928 1170 ὄψομαι
952 1117 1067 1171 τάχα.

133 1222 206 1260 Οδ.
232 1220 304 1273 ἄγε
328 1220 386 1271 δή,
416 1221 613 1261 Διονύσου
640 1224 787 1267 παῖδες,
817 1220 953 1273 εὐγενῆ
979 1221 1108 1267 τέκνα,
1396 1236 1459 1267 590

233 1288 345 1328 ἔνδον
369 1289 441 1338 μὲν
465 1286 574 1339 ἁνήρ·
612 1292 664 1343 τῷ
691 1287 724 1328 δ’
749 1288 856 1342 ὕπνῳ
882 1288 1115 1340 παρειμένος

232 1353 321 1407 τάχ’
347 1352 393 1404 ἐξ
414 1355 592 1396 ἀναιδοῦς
618 1354 796 1407 φάρυγος
822 1353 970 1405 ὠθήσει
995 1354 1099 1406 κρέα.

232 1420 353 1462 δαλὸς
379 1420 411 1461 δ’
437 1420 586 1461 ἔσωθεν
612 1421 759 1461 αὐλίων
785 1417 941 1462 †d›Oet†
968 1421 1115 1462 καπνὸν

231 1487 576 1539 παρευτρέπισται·
616 1489 750 1529 κούδὲν
776 1487 878 1528 ἄλλο
904 1488 1009 1538 πλὴν
1034 1492 1177 1541 πυροῦν

232 1554 450 1597 Κύκλωπος
475 1556 585 1607 ὄψιν·
623 1554 714 1595 ἀλλ’
740 1556 845 1597 ὅπως
870 1555 966 1607 ἀνὴρ
991 1555 1077 1612 ἔσῃ.
1394 1570 1455 1601 595

130 1623 204 1661 Χο.
229 1620 373 1673 πέτρας
396 1621 440 1661 τὸ
464 1624 574 1672 λῆμα
600 1620 845 1672 κᾶδάμαντος
870 1621 1021 1673 ἕξομεν.

229 1687 352 1740 χώρει
376 1687 408 1727 δ’
434 1689 472 1730 ἐς
498 1689 637 1734 οἴκους,
666 1689 756 1741 πρίν
783 1706 820 1729 τι
844 1689 913 1729 τὸν
938 1688 1088 1741 πατέρα
1112 1691 1251 1730 παθεῖν

229 1754 476 1805 ἀπάλαμνον·
514 1756 566 1797 ὥς
592 1771 658 1796 σοι
683 1754 841 1796 τάνθάδ’
870 1756 979 1797 ἐστὶν
1004 1756 1180 1808 εὐτρεπῆ.

129 1823 200 1861 Οδ.
221 1819 434 1874 ”Ηφαιστ’,
461 1821 564 1872 ἅναξ
587 1824 757 1869 Αἰτναῖε,
787 1823 963 1875 γείτονος
990 1827 1105 1863 κακοῦ

371 1889 381 1903 Χ
527 1890 537 1903 Ι
652 1891 670 1904 ’l
726 1889 735 1904 5
770 1891 780 1904 5
915 1889 923 1904 Ι
1034 1889 1043 1903 5
1074 1889 1090 1906 el

226 1894 410 1941 λαμπρον
434 1906 619 1941 πυρωσας
645 1907 723 1941 ομμ
763 1892 1031 1943 απαλλαχθηθ
1070 1888 1186 1939 απαξ,
1391 1894 1455 1925 600

229 1955 281 1995 σύ
304 1955 351 2002 τ’,
379 1954 408 1996 ὦ
432 1957 623 2007 μελαίνης
649 1956 802 1998 Νυκτὸς
830 1957 1065 2007 ἐκπαίδευμ’,
1085 1956 1225 2003 ‘'Tm'f,

170 2058 233 2087 575
258 2050 395 2090 ἐλλίπῃς
413 2049 628 2080 Herwerden
645 2062 650 2080 :
682 2051 815 2092 ἐκλίπῃς
835 2051 859 2081 L
872 2051 897 2080 P
1053 2051 1115 2090 583
1139 2051 1276 2083 κάλλιον
1292 2051 1311 2088 ἢ
1329 2050 1452 2081 Weck-

126 2091 193 2122 lein
304 2094 368 2131 586
390 2095 448 2130 τῆς
466 2093 627 2135 Δαρδάνου
646 2094 823 2124 Hermann
844 2095 899 2135 *san
924 2098 988 2126 τῶν
1013 2101 1048 2125 Δ.
1063 2097 1087 2132 2)
1194 2095 1256 2132 588
1274 2095 1453 2136 κάντρυφᾷς

127 2135 290 2167 πεπωκότι
309 2136 487 2167 casaubon
502 2149 508 2169 :
542 2139 736 2179 κάντρυφαῖς
752 2138 925 2170 πεπωκότα
942 2138 967 2167 L
982 2138 1006 2168 P
1180 2138 1243 2176 589
1274 2142 1318 2170 Σι.
1337 2147 1452 2176 apogr.

128 2178 249 2209 Paris.:
269 2179 360 2210 nulla
375 2184 454 2210 nota
468 2182 500 2210 in
517 2181 542 2211 L
554 2181 580 2210 Ρ
670 2191 734 2220 590
758 2180 915 2213 Διονύσου
927 2182 965 2211 P:
988 2181 1140 2212 διωνύσου
1156 2181 1181 2210 L
1271 2191 1330 2219 591
1358 2180 1451 2221 ἀνὴρ]

126 2223 204 2264 ἀνὴρ
225 2222 249 2251 L
262 2223 288 2252 P
410 2234 473 2262 592
498 2224 662 2265 φάρυγγος
677 2225 703 2254 L
716 2225 741 2254 P
861 2234 923 2263 593
948 2225 1022 2256 ὠθεῖ
1036 2230 1227 2264 suspectum
1243 2224 1298 2264 (cf.
1311 2235 1339 2256 v.
1351 2226 1427 2263 5925
1446 2236 1452 2254 ε

126 2266 219 2306 τύφει
250 2266 416 2304 Schenk1;
457 2268 517 2297 sed
549 2268 682 2298 videtur
716 2268 929 2307 participium
968 2269 1100 2303 deesse,
1134 2278 1204 2306 (ag.
1239 2267 1452 2305 καπνούμενος

125 2318 188 2347 594
223 2309 336 2341 κούδὲν
367 2310 561 2342 Kirchhoff:
601 2313 627 2342 δ’
657 2311 749 2343 οὐδὲν
779 2311 843 2340 LP
986 2312 1050 2350 598
1086 2311 1272 2350 ἀπάλαμνον
1306 2311 1449 2341 Canter:

125 2353 341 2393 ἀπαλλαγμὸν
360 2353 385 2383 L
398 2353 423 2383 P
