1683 2732
708 96 915 133 EKABH

152 201 224 250 Ay.
252 197 361 238 ἔστιν
386 200 426 238 δὲ
452 199 510 239 τίς
536 202 618 238 σῶν
644 198 768 244 οὗτος,
798 196 827 237 ὦ
852 200 1015 248 τλῆμον,
1043 198 1207 246 τέκνων;

152 268 223 303 Εκ.
250 264 294 303 οὐ
318 268 396 304 τῶν
422 264 621 304 θανόντων
647 267 880 316 Πριαμιδῶν
905 263 968 304 ὑπ’
995 264 1113 319 Ἰλίῳ.

153 334 225 382 Αγ.
254 329 277 380 ἧ
303 330 376 382 γάρ
402 330 473 370 τιν’
499 330 625 370 ἄλλον
651 330 779 373 ἔτεκες
807 326 830 380 ἢ
858 331 1019 376 κείνους,
1046 332 1180 382 γύναι;
1414 335 1477 376 765

151 401 221 437 Εκ.
247 396 419 447 ἀνόνητά
442 396 492 449 γ’,
521 397 571 438 ὡς
597 396 709 443 ἔοικε,
740 395 844 437 τόνδ’
869 396 913 437 ὃν
939 397 1108 451 εἰσορᾷς.

151 467 224 516 Αγ.
250 467 324 504 ποῦ
350 462 382 503 δ’
409 461 462 504 ὣν
487 463 683 517 ἐτύγχαν’,
713 463 814 514 ἡνίκ’
840 463 994 503 ὤλλυτο
1020 464 1177 511 πτόλις;

151 533 221 570 Εκ.
248 528 374 581 πατήρ
400 547 460 570 νιν
485 528 710 582 ἐξέπεμψεν
738 531 920 583 ὀρρωδῶν
947 532 1091 571 θανεῖν.

149 600 223 650 Αγ.
250 600 319 637 ποῖ
341 600 418 637 τῶν
444 596 524 637 τότ’
550 598 674 638 ὄντων
703 598 879 650 χωρίσας
905 596 1050 638 τέκνων
1074 598 1215 648 μόνον;

149 666 219 704 Εκ.
246 665 286 705 ἐς
309 662 425 714 τήνδε
449 663 595 716 χώραν,
624 663 746 716 οὗπερ
770 663 912 716 ηὑρέθη
940 663 1079 704 θανών.
1415 676 1479 708 770

150 732 222 783 Ay.
250 729 345 782 πρὸς
370 729 475 782 ἄνδρ’
500 729 542 771 ὂς
568 729 681 783 ἄρχει
708 732 830 780 τῆσδε
855 729 1133 783 Πολυμήστωρ
1158 731 1321 783 χθονός;

149 800 219 837 Εκ.
247 795 399 837 ἐνταῦθ’
425 795 607 849 ἐπέμφθη
634 795 871 849 πικροτάτου
894 800 1045 849 χρυσοῦ
1070 796 1216 849 φύλαξ.

149 866 221 916 Ay.
249 864 411 919 θνῄσκει
436 865 477 904 δὲ
502 862 598 916 πρὸς
623 866 691 903 τοῦ
719 863 781 903 καὶ
806 864 911 905 τίνος
936 863 1085 914 πότμου
1109 863 1258 916 τυχών,·

150 933 219 970 Εκ.
247 931 352 972 τίνος
376 929 413 982 γ’
440 929 505 971 ὑπ’
530 929 677 977 ἄλλου,·
717 929 836 986 Θρῄξ
855 947 916 970 νιν
941 930 1070 970 ὤλεσε
1096 929 1220 981 ξένος.

148 1000 221 1049 Αγ.
248 994 277 1036 ὦ
303 999 467 1048 τλῆμον·
505 996 528 1047 ἦ
555 1013 629 1038 που
656 996 807 1050 χρυσὸν
831 995 984 1048 ἠράσθη
1011 1000 1176 1047 λαβεῖν,·
1413 1009 1477 1042 775

149 1066 218 1103 Εκ.
246 1062 403 1110 τοιαῦτ’,
431 1063 565 1114 ἐπειδὴ
597 1065 809 1116 συμφορὰν
834 1063 934 1116 ἔγνω
960 1066 1140 1115 Φρυγῶν.

148 1133 221 1183 Αγ.
247 1130 360 1182 ηῦρες
385 1132 428 1171 δὲ
454 1134 528 1170 ποῦ
553 1147 633 1177 νιν,·
673 1127 696 1180 ἢ
721 1131 779 1172 τίς
805 1129 970 1182 ἤνεγκεν
995 1130 1150 1182 νεκρόν;

148 1200 217 1237 Εκ.
243 1196 315 1247 ἥδ’,
343 1198 564 1250 ἐντυχοῦσα
591 1198 754 1239 ποντίας
780 1197 898 1247 ἀκτῆς
923 1197 998 1237 ἔπι.

148 1267 220 1317 Ay.
246 1268 382 1305 τοῦτον
407 1263 616 1315 ματεύουσ’
644 1261 667 1314 ἢ
694 1263 857 1305 πονοῦσ’
882 1263 1008 1304 ἄλλον
1032 1264 1173 1311 πόνον;

148 1334 218 1371 Εκ.
244 1331 374 1384 λούτρ’
402 1330 513 1386 ᾤχετ’
542 1330 697 1371 οἵσουσ’
726 1329 773 1381 ἐξ
795 1330 891 1372 ἁλὸς
916 1329 1138 1387 Πολυξένῃ.
1413 1335 1478 1374 780

147 1401 220 1451 Ay.
248 1398 399 1439 κτανών
423 1415 496 1444 νιν,
528 1398 578 1439 ὡς
604 1397 742 1443 ἔοικεν,
775 1396 969 1448 ἐκβάλλει
993 1396 1118 1447 ξένος.

148 1468 217 1505 Εκ.
245 1465 638 1517 θαλασσόπλαγκτόν
664 1464 713 1516 γ’,
744 1465 819 1505 ὧδε
845 1464 1036 1515 διατεμὼν
1059 1465 1173 1518 χρόα.

147 1534 220 1584 Αγ.
247 1530 276 1571 ὦ
302 1533 472 1585 σχετλία
498 1531 548 1572 σὺ
573 1535 650 1572 τῶν
677 1530 904 1583 ἀμετρήτων
929 1531 1072 1572 πόνων.

147 1601 216 1638 Εκ.
244 1600 380 1639 ὄλωλα
405 1598 540 1639 κούδὲν
565 1598 721 1644 λοιπόν,
749 1596 1012 1650 Ἀγάμεμνον,
1042 1602 1181 1639 κακῶν.

146 1667 220 1718 Αγ.
247 1669 323 1718 φεῦ
348 1669 435 1718 φεῦ·
473 1666 532 1707 τίς
557 1665 657 1705 οὕτω
684 1664 882 1717 δυστυχὴς
909 1665 984 1716 ἔφυ
1010 1664 1125 1716 γυνή;
1415 1669 1475 1710 785

148 1734 217 1772 Εκ.
245 1731 313 1772 οὐκ
339 1732 462 1778 ἔστιν,
493 1733 525 1772 εἰ
548 1731 600 1783 μὴ
627 1731 699 1782 τὴν
723 1732 860 1784 Τύχην
886 1731 1006 1781 αὐτὴν
1030 1731 1177 1784 λέγοις.

312 1798 403 1839 ἀλλ’
428 1800 558 1851 ὧνπερ
585 1798 710 1839 οὕνεκ’
737 1798 839 1851 ἀμφὶ
865 1797 940 1838 σὸν
965 1799 1093 1838 πίπτω
1119 1799 1215 1850 γόνυ

244 1864 428 1906 ἄκουσον.
500 1867 533 1906 εἰ
557 1867 630 1916 μὲν
657 1865 750 1906 ὅσιά
777 1882 842 1905 σοι
867 1867 1007 1905 παθεῖν
1033 1868 1146 1910 δοκῶ,

246 1931 446 1984 στέργοιμ’
470 1931 531 1972 ἄν·
569 1933 602 1973 εἰ
629 1934 671 1973 δὲ
695 1932 928 1983 τοῦμπαλιν,
957 1931 1008 1971 σύ
1031 1948 1097 1982 μοι
1122 1933 1238 1983 γενοῦ

243 1999 410 2050 τιμωρὸς
436 1999 586 2050 ἀνδρός,
615 1998 885 2039 ἆνοσιωτάτου
911 1997 1036 2048 ξένου,
1408 2006 1471 2042 790

244 2064 285 2106 ὃς
312 2066 399 2105 οὔτε
423 2065 512 2107 τοὺς
537 2068 610 2118 γῆς
635 2065 771 2117 νέρθεν
795 2066 885 2106 οὔτε
909 2065 999 2106 τοὺς
1026 2064 1105 2104 ἄνω

188 2158 248 2196 767
277 2157 370 2190 πόλις
387 2157 456 2187 AL
612 2168 673 2197 773
696 2158 772 2200 πρὸς
793 2156 901 2195 τοῦδ’;
932 2158 952 2195 ἢ
968 2156 1060 2187 Weil
1242 2165 1302 2194 774
1330 2154 1362 2196 'y'
1382 2159 1470 2195 post-

143 2201 277 2231 modum
308 2202 383 2231 add.
417 2200 508 2231 A¹L¹
637 2203 724 2234 τίνος
755 2203 830 2243 πρὸς
861 2202 989 2232 Porson
1188 2201 1250 2238 776
1282 2199 1374 2230 ταῦτ’
1403 2198 1471 2230 αὔτ’

145 2244 294 2284 Blaydes
480 2245 541 2283 778
577 2244 654 2277 ἁλὸς
687 2245 736 2277 ἔπι
762 2245 788 2275 L
804 2245 829 2275 P
1029 2245 1090 2283 780
1127 2245 1159 2283 ἐξ
1185 2242 1262 2275 ἁλὸς
1287 2244 1420 2274 οἵσουσα
1445 2242 1471 2272 L

145 2288 204 2326 782
238 2287 533 2321 θαλασσόπλακτον
560 2288 591 2318 Μ
609 2288 672 2318 LP
856 2289 916 2327 784
943 2288 1041 2320 κακὸν
1067 2288 1091 2317 Ι,
1119 2287 1190 2326 (-ῶν
1215 2286 1248 2316 in
1276 2296 1390 2316 rasura
1411 2284 1468 2324 A¹f)

145 2333 204 2370 785
238 2333 337 2364 οὕτως
362 2331 392 2361 Μ
408 2332 439 2362 Α
583 2333 644 2372 ἔφη
662 2332 691 2361 Α
710 2337 743 2362 et
768 2332 920 2371 primitus
948 2331 978 2361 M
997 2331 1021 2360 L
1178 2330 1238 2369 786
1274 2329 1380 2370 λέγεις
1407 2328 1471 2359 LP

143 2386 214 2406 cum
232 2376 385 2406 Eustath.
407 2375 442 2405 Il.
466 2386 495 2414 p.
515 2377 575 2414 651
