1651 2780
601 116 951 153 ΕΥΡΙΠΙΔΟΥ

206 219 334 258 πόσον
360 220 446 259 τινὰ
473 219 697 271 στεναγμὸν
722 219 897 272 οἰμωγήν
923 219 957 259 θ’
983 221 1097 271 ὁμοῦ;

204 286 252 324 τὰ
279 289 412 337 πρῶτα
436 285 510 336 μέν
535 303 604 327 νυν
629 287 792 328 πίτυλος
818 286 998 339 Ἀργείου
1025 287 1136 340 δορὸς

206 350 385 404 ἐρρήξαθ’
410 353 524 403 ἡμᾶς·
564 353 633 393 εἶτ’
661 353 870 406 ἐχώρησαν
897 353 1030 395 πάλιν.
1372 358 1432 396 835

203 417 248 458 τὸ
274 419 454 471 δεύτερον
480 421 521 459 δὲ
547 419 644 461 ποὺς
671 420 939 473 ἐπαλλαχθεὶς
964 422 1067 466 ποδί,

203 484 300 537 ἀνὴρ
326 484 357 525 δ’
384 485 444 526 ἐπ’
471 486 582 537 ἀνδρὶ
608 484 718 532 στάς,
747 486 944 539 ἐκαρτέρει
968 487 1090 541 μάχη·

203 553 348 592 πολλοὶ
375 552 407 591 δ’
433 552 609 593 ἔπιπτον.
683 552 728 603 ἦν
755 555 796 594 δὲ
821 557 889 593 τοῦ
917 554 1166 605 κελεύματος·

197 617 255 657 ἲΩ
281 619 349 660 τὰς
374 618 657 669 Ἀθήνας-ΞΩ
683 619 751 660 τὸν
777 619 969 672 Ἀργείων
995 621 1093 673 γύην

205 687 564 735 σπείροντες-οὐκ
591 685 745 739 ἀρήξετ’
773 687 968 741 αἰσχύνην
994 688 1128 734 πόλει;
1371 692 1438 731 840

203 752 320 802 μόλις
346 754 387 793 δὲ
414 752 541 793 πάντα
567 757 734 805 δρῶντες
761 753 828 793 οὐκ
853 753 943 806 ἄτερ
969 755 1101 795 πόνων

205 819 473 872 ἐτρεψάμεσθ’
499 820 682 873 Ἀργεῖον
709 822 749 862 ἐς
775 821 906 873 φυγὴν
933 821 1036 873 δόρυ.

273 886 454 927 κάνταῦθ’
480 888 500 927 ὁ
526 887 706 940 πρέσβυς
725 886 883 928 “Ύ“λλον
908 886 1181 940 ἐξορμώμενον

206 953 310 999 ἰδών,
339 952 477 1005 ὀρέξας
503 953 680 995 ἱκέτευσε
707 953 838 1005 δεξιὰν

204 1010 359 1062 Ἰόλαος
385 1022 566 1072 ἐμβῆσαί
587 1038 647 1062 νιν
673 1022 830 1063 ἵππειον
856 1023 1010 1074 δίφρον.
1376 1026 1437 1065 ⁸45

204 1087 346 1138 λαβὼν
371 1089 413 1128 δὲ
437 1089 579 1142 χερσὶν
604 1088 715 1139 ἡνίας
742 1087 977 1140 Εὐρυσθέως
1124 1081 1132 1088 ⁵

205 1155 355 1197 πώλοις
380 1155 527 1209 ἐπεῖχε.
599 1154 700 1196 τάπὸ
725 1155 829 1196 τοῦδ’
854 1155 926 1206 ἤδη
953 1156 1081 1196 κλύων

204 1220 358 1274 λέγοιμ’
383 1222 431 1263 ἂν
457 1222 607 1269 ἄλλων,
636 1225 747 1274 δεῦρο
774 1222 806 1263 δ’
833 1222 947 1264 αὐτὸς
973 1223 1145 1264 εἰσιδών.

207 1290 463 1339 Παλληνίδος
488 1291 563 1342 γὰρ
590 1289 738 1341 σεμνὸν
764 1292 939 1342 ἐκπερῶν
965 1289 1094 1343 πάγον

205 1356 290 1397 δίας
315 1355 498 1403 Ἀθάνας,
528 1356 615 1409 ἅρμ’
644 1357 736 1397 ἰδὼν
764 1356 1012 1409 Εὐρυσθέως,
1373 1361 1439 1400 850

204 1422 372 1474 ἠράσαθ’
391 1422 510 1480 ἽΙβῃ
538 1426 640 1474 Ζηνί
662 1423 708 1470 θ’,
737 1424 885 1476 ἡμέραν
910 1424 1004 1475 μίαν

206 1488 292 1532 νέος
318 1489 506 1542 γενέσθαι
533 1492 853 1531 κάποτείσασθαι
877 1492 989 1542 δίκην

204 1557 382 1610 ἐχθρούς.
457 1558 589 1598 κλύειν
615 1558 662 1609 δὴ
689 1558 884 1609 θαύματος
911 1558 1082 1610 πάρεστι’
1106 1574 1184 1598 σοι.

205 1625 331 1664 δισσὼ
357 1625 431 1677 γὰρ
457 1623 591 1676 ἀστέρ’
619 1627 792 1666 ἱππικοῖς
819 1625 882 1665 ἐπὶ
909 1625 1038 1677 ζυγοῖς

206 1690 388 1732 σταθέντ’
414 1691 590 1745 ἔκρυψαν
616 1691 720 1744 ἅρμα
744 1693 893 1747 λυγαίῳ
921 1691 1047 1745 νέφει·
1376 1695 1439 1735 855

206 1758 279 1798 σὸν
305 1758 349 1808 δὴ
375 1758 542 1811 λέγουσι
567 1758 686 1800 παῖδά
712 1758 748 1811 γ’
776 1761 812 1800 οἱ
838 1759 1061 1812 σοφώτεροι

199 1824 342 1876 “Ηβην
368 1825 415 1866 θ’·
454 1825 474 1866 ὃ
501 1826 533 1865 δ’
559 1828 711 1879 ὄρφνης
736 1828 778 1867 ἐκ
804 1827 1031 1879 δυσαιθρίου
1056 1824 1155 1867 νέων

206 1893 437 1946 βραχιόνων
462 1892 609 1944 ἔδειξεν
635 1893 791 1945 ἡβητὴν
816 1893 952 1934 τύπον.

149 1987 211 2025 833
240 1986 391 2027 εὐχωλήν
410 1986 603 2026 Musgrave,
623 1996 739 2018 vocem
759 1997 826 2017 non
851 1987 1011 2026 tragicam
1029 1998 1035 2017 :
1059 1986 1120 2017 sed
1139 1985 1178 2017 cs.
1199 1984 1325 2015 Aesch.
1346 1984 1438 2016 Pers.

105 2031 170 2066 426
274 2031 335 2068 834
361 2033 416 2062 νῦν
434 2031 459 2060 L
472 2031 498 2060 P
598 2031 662 2069 836
692 2031 915 2070 ἀπαλλαχθεὶς
934 2030 960 2060 Ρ
1057 2030 1120 2069 837
1144 2028 1235 2070 μάχῃ
1254 2033 1289 2058 ut
1306 2028 1440 2062 vjdetur

108 2070 134 2102 L
146 2072 171 2102 P
188 2084 194 2103 :
219 2073 408 2115 ἐκαρτέρουν
423 2074 534 2115 μάχην
552 2079 628 2114 post
648 2074 877 2113 Hartungium
897 2073 1014 2104 Nauck
1166 2073 1229 2111 838
1254 2074 1311 2103 τοῦ
1327 2071 1439 2104 κελεύ-

106 2128 228 2155 σματος
256 2117 343 2148 LP:
371 2118 425 2150 δύο
451 2118 660 2158 κελεύσματα
684 2117 789 2148 Ludv.
815 2117 980 2148 Dindorf:
1009 2117 1054 2148 τὼ
1079 2115 1281 2155 κελεύσματε
1307 2115 1434 2154 Haupt.

109 2159 265 2190 Fortasse
283 2160 321 2198 ἧν
339 2162 366 2192 δ’
384 2164 461 2202 ὁμοῦ
479 2161 665 2201 κελεύματα
753 2161 817 2199 842
844 2159 1027 2202 ἐτρεφοίμεθ’
1047 2160 1072 2190 L
1086 2160 1112 2190 Ρ
1203 2160 1266 2198 845
1293 2159 1437 2198 ἆμβῆσαῑ

107 2203 300 2244 Wecklein,
318 2205 378 2235 sed
396 2205 436 2237 cs.
456 2205 549 2244 Cycl.
568 2207 630 2244 467
796 2205 861 2243 848
886 2204 1011 2245 λέγοιμ’
1031 2205 1069 2235 ἂν
1085 2202 1321 2234 Valckenaer:
1344 2201 1438 2242 λέγοι

106 2247 164 2286 μὲν
180 2247 205 2277 L
221 2260 227 2278 :
251 2247 342 2288 λέγει
360 2248 418 2287 μὲν
436 2249 462 2278 Ρ
552 2250 662 2281 ἄλλων
677 2247 830 2287 Elmsley
845 2260 852 2278 z
876 2248 975 2280 ἄλλος
996 2247 1020 2277 L
1035 2247 1061 2277 P
1081 2248 1200 2285 (ἄλλου
1211 2245 1436 2285 Valckenaer)

107 2292 169 2329 854
196 2292 246 2322 ἐπὶ
267 2292 413 2323 Reiskc:
441 2293 500 2324 ὑπὸ
519 2292 545 2321 L
559 2292 585 2322 P
706 2293 770 2330 857
797 2292 888 2324 ἐκδὺς
904 2291 1022 2332 αἰθρίου
1043 2290 1067 2320 L
1081 2291 1127 2321 P:
1153 2301 1236 2322 corr.
1259 2289 1437 2329 Musgrave

107 2335 170 2373 858
194 2336 259 2373 ἥβη
277 2337 334 2367 τὸν
352 2336 506 2374 primitus
524 2335 550 2366 L
567 2347 573 2366 ε
600 2345 685 2367 corr.
707 2335 781 2374 ipse
