1651 2780
626 146 973 185 ΕΎΡΙΠΙΔΟὙ

238 252 400 291 κᾶπειτα
425 250 696 301 συνδήσαντες
721 253 760 293 ἐς
787 252 961 292 θὲιὸώλια

235 319 304 367 τῆς
329 316 420 367 νηὸς
445 319 691 369 ἐμβαλόντες
716 319 938 359 ἀποδώσειν
962 320 1038 360 τινὶ

237 382 402 436 πέτρους
426 385 651 438 μοχλεύειν,
679 382 701 435 ἢ
727 385 759 427 ’ς
782 389 944 436 μυλῶνα
969 390 1225 437 καταβαλεῖν.
1396 398 1461 430 240

138 453 206 491 Kv.
234 450 397 501 ἄληθες;
436 452 574 492 οὔκουν
600 452 762 494 κοπίδας
788 452 840 494 ὡς
865 452 1022 506 τάχιστ’
1049 454 1118 494 ἰὼν

236 516 363 568 θήξεις
387 520 584 572 μαχαίρας
611 519 672 559 καὶ
696 518 822 572 μέγαν
848 519 1025 572 φάκελον
1051 518 1180 570 ξύλων

235 585 381 627 ἐπιθεὶς
407 584 594 638 ἀνάψεις;
634 586 685 628 ὡς
711 586 935 639 σφαγέντες
961 587 1097 627 αὐτίκα

235 650 437 702 πλήσουσι
460 653 579 703 νηδὺν
604 652 675 704 τὴν
701 653 796 704 ἐμὴν
822 653 888 694 ἀπ’
914 653 1105 706 ἄνθρακος

234 718 382 770 θερμὴν
405 719 561 761 ἕδοντος
585 723 698 761 δαῖτα
722 724 774 775 τῷ
801 722 1012 776 κρεανόμῳ,
1399 734 1458 765 245

233 787 280 825 τὰ
306 785 338 825 δ’
365 787 406 826 ἐκ
430 785 603 837 λέβητος
629 789 733 839 ἑφθὰ
759 787 822 827 καὶ
846 788 1046 838 τετηκότα.

235 852 285 894 ὡς
310 852 485 895 ἔκπλεώς
510 871 554 906 γε
580 855 711 896 δαιτός
737 853 809 905 εἰμ’
833 855 1034 906 ὀρεσκόου·

232 918 320 961 ἅλις
345 921 518 962 λεόντων
545 922 634 961 ἐστί
655 938 720 972 μοι
746 920 968 975 θοινωμένῳ

232 986 395 1039 ἐλάφων
420 1004 474 1033 τε,
502 988 660 1040 χρόνιος
686 988 717 1027 δ’
744 987 819 1039 εἴμ’
845 987 911 1028 ἀπ’
937 988 1153 1040 ἀνθρώπων
1177 991 1315 1039 βορᾶς.

134 1056 190 1094 Et.
231 1055 279 1093 τὰ
305 1053 418 1094 καινά
444 1053 480 1106 γ’
508 1055 548 1094 ἐκ
574 1059 650 1095 τῶν
675 1054 843 1105 ἠθάδων,
871 1053 899 1094 ὦ
926 1054 1112 1101 δέσποτα,
1397 1067 1461 1097 250

230 1120 351 1171 ἡδίον’
379 1121 499 1162 ἐστίν.
572 1121 616 1161 οὐ
641 1123 716 1173 γὰρ
742 1121 789 1162 αὗ
814 1121 960 1162 νεωστί
983 1138 1027 1173 γε

231 1187 348 1228 ἄλλοι
374 1188 470 1241 πρὸς
494 1187 617 1240 ἄντρα
643 1205 708 1229 σοι
737 1189 977 1240 ἐσαφίκοντο
1002 1186 1119 1238 ξένοι.

131 1257 202 1295 Οδ.
231 1254 423 1307 Κύκλωψ,
451 1254 621 1296 ἄκουσον
647 1257 689 1296 ἐν
713 1255 823 1307 μέρει
850 1256 910 1295 καὶ
936 1259 1012 1295 τῶν
1038 1254 1173 1306 ξένων.

230 1321 339 1372 ἡμεῖς
363 1325 489 1373 βορᾶς
513 1323 725 1379 χρῄζοντες
752 1322 930 1373 ἐμπολὴν
955 1325 1102 1373 λαβεῖν

231 1392 313 1429 σῶν
338 1389 466 1430 ἆσσον
490 1388 642 1442 ἄντρων
666 1388 842 1440 ἤλθομεν
867 1390 963 1431 νεὼς
988 1388 1076 1428 ἄπο.
1396 1400 1458 1430 «55

230 1455 319 1497 τοὺς
344 1454 377 1495 δ’
402 1455 520 1507 ἄρνας
544 1455 636 1506 ἡμῖν
661 1455 774 1498 οὗτος
798 1455 882 1496 ἀντ’
907 1456 1014 1496 οἴνου
1040 1455 1193 1507 σκύφου

231 1523 448 1573 ἀπημπόλα
472 1540 513 1563 τε
538 1523 694 1563 κᾶδίδου
719 1527 823 1563 πιεῖν
847 1523 989 1573 λαβὼν

229 1589 326 1629 ἑκὼν
353 1591 499 1636 ἑκοῦσι,
528 1589 663 1630 κούδὲν
690 1588 736 1639 ἦν
761 1590 909 1630 τούτων
933 1590 1017 1643 βίᾳ.

229 1655 320 1696 ἀλλ’
346 1656 456 1699 οὗτος
483 1657 588 1709 ὑγιὲς
613 1657 724 1697 οὐδὲν
750 1657 804 1697 ὧν
830 1662 955 1709 φησιν
981 1655 1104 1708 λέγει,

227 1723 313 1764 ἐπεὶ
339 1722 567 1776 κατελήφθη
594 1727 668 1763 σοῦ
692 1722 822 1778 λάθρᾳ
848 1726 992 1764 πωλῶν
1017 1724 1065 1762 τὰ
1090 1721 1154 1762 σά.
1396 1725 1458 1756 260

129 1793 186 1829 Σι.
228 1790 324 1842 ⁶705,-
364 1794 488 1832 κακῶς
512 1792 587 1842 γὰρ
611 1789 769 1840 ἐξόλοι’.
909 1792 981 1830 Οδ.
1055 1790 1087 1830 εἰ
1111 1788 1319 1841 ψεύδομαι.

129 1859 185 1896 Σι.
227 1858 281 1908 μὰ
305 1856 373 1897 τὸν
399 1860 582 1897 Ποσειδῶ
607 1856 675 1898 τὸν
701 1858 865 1898 τεκόντα
890 1856 941 1903 σ’,
970 1855 999 1896 ὦ
1027 1856 1219 1908 Κύκλωψ,

226 1925 279 1974 μὰ
304 1923 372 1965 τὸν
395 1923 521 1976 μέγαν
546 1925 727 1976 Τρίτωνα
755 1925 817 1965 καὶ
843 1923 911 1964 τὸν
937 1922 1085 1976 Νηρέα,

224 1992 278 2041 μὰ
303 1990 374 2041 τὴν
402 1991 582 2044 Καλυψὼ
608 1990 677 2033 τάς
701 2008 743 2032 τε
769 1990 934 2043 Νηρέως
962 1991 1089 2042 κόρας,

225 2057 272 2097 τά
298 2058 331 2097 θ’
360 2060 443 2110 ἱερὰ
470 2058 604 2109 κύματ’
632 2059 779 2111 ἰχθύων
805 2075 846 2098 τε
872 2060 950 2098 πᾶν
976 2057 1103 2110 γένος,
1392 2059 1453 2099 265

170 2151 232 2189 238
256 2151 398 2182 τᾶδώλια
424 2151 488 2181 LP
625 2161 689 2190 240
720 2151 740 2190 ἢ
762 2151 787 2183 ’ς
809 2154 940 2190 μυλῶνα
964 2149 1158 2180 Ruhnken:
1191 2150 1210 2187 ἢ
1235 2152 1366 2180 πυλῶνα
1388 2148 1455 2179 LP

126 2204 188 2233 243
212 2196 252 2225 ὡς
275 2204 390 2233 apogr.
413 2194 518 2226 Paris.
536 2207 543 2226 z
568 2194 590 2226 ὧ
610 2195 674 2225 LP
777 2204 926 2233 244—351
955 2194 1080 2224 desunt
1098 2194 1129 2222 in
1150 2192 1185 2225 P.
1205 2193 1357 2222 exscisso
1374 2191 1453 2222 solio

126 2247 188 2276 245
213 2237 356 2278 ἔδοντος]
376 2238 518 2271 διδόντες
538 2238 654 2269 Heath
781 2239 863 2269 δαῖτ’
881 2239 956 2279 ἄτερ
974 2236 1154 2278 κρεανόμων
1173 2236 1308 2266 D-›bree
1328 2235 1454 2277 (ψόμου

126 2281 321 2321 Musgrave)
354 2282 413 2311 sed
449 2282 663 2321 proverbium
697 2282 831 2312 videtur
863 2291 939 2311 esse
1117 2290 1177 2318 247
1214 2280 1272 2318 εἶμ’
1301 2278 1454 2321 ὀρεσκόου

127 2324 172 2355 H.
187 2325 379 2364 Stephanus
395 2337 401 2355 :
428 2326 615 2367 ἴμεροσκόου
631 2326 656 2356 L
746 2335 805 2363 251
835 2325 886 2365 αὖ]
903 2324 958 2356 οὖν
972 2324 1098 2354 Reiske
1189 2333 1252 2362 252
1278 2336 1329 2355 σοι
1344 2323 1454 2363 ἐσαφί·

127 2381 222 2401 κοντο
249 2369 367 2408 scripsi
398 2369 445 2409 (id
475 2375 527 2399 est
554 2368 828 2408 σούσαφίκοντυ“’«;
863 2368 902 2399 cf.
933 2379 962 2399 v.
995 2369 1080 2398 288:
1117 2368 1158 2399 τὰ
1187 2368 1216 2399 σ’
1245 2367 1400 2407 ἀφίκοντο
1426 2365 1452 2396 L

127 2414 189 2451 258
213 2413 336 2444 τούτων
355 2412 486 2443 Barnes
503 2424 509 2442 :
538 2412 642 2444 τούτω
661 2413 686 2442 Ι,
799 2414 861 2442 260
894 2412 962 2444 ἐπεί
977 2412 1009 2452 ’γ’
1029 2412 1154 2451 ἐλήφθη
1174 2411 1288 2441 Heath
1307 2410 1452 2441 sortasse

126 2462 234 2494 rcctc;
260 2457 385 2496 tragica
404 2467 549 2495 persona
567 2457 712 2495 loquitur
846 2458 907 2493 265
933 2456 973 2487 τά
993 2456 1017 2486 θ’
1036 2455 1213 2485 Hermann
1232 2465 1238 2484 :
1262 2453 1305 2493 μά
1323 2455 1347 2485 θ’
1368 2454 1393 2483 L
