1651 2780
636 111 983 149 ΕΥΡΙΠΙΔΟΥ

244 217 277 256 εἰ
300 233 352 266 μη
378 219 564 268 γυναῖκας
591 215 803 267 σώφρονας
829 215 1048 261 παιδεύετε;

242 281 415 333 Ἑλένην
441 281 601 334 ἐρέσθαι
612 283 725 351 χρῆν
750 280 847 327 τάδ’,
876 281 957 331 ἥτις
982 282 1024 320 ἐκ
1050 281 1178 331 δόμων

243 348 312 389 τὸν
338 348 410 389 σὸν
435 335 624 389 λιποῦσα
635 349 779 389 Φίλιον
805 347 1028 398 ἐξεκώμασε

244 417 397 456 νεανίου
420 415 502 466 μετ’
527 414 666 467 ἀνδρὸς
692 417 746 456 εἰς
770 414 899 464 ἄλλην
924 414 1062 467 χθόνα.

247 481 395 523 κᾶπειτ’
421 483 571 533 ἐκείνης
596 481 726 535 οὕνεχ’
750 480 958 531 Ἑλλήνων
983 482 1109 534 ὄχλον
1409 483 1473 522 605

247 548 404 589 τοσόνδ’
431 549 620 600 ἀθροίσας
645 547 791 600 ἤγαγες
817 547 912 600 πρὸς
932 546 1078 593 ”Ιλιον;

245 614 294 665 ἣν
319 617 420 669 χρῆν
445 615 484 655 σ’
510 615 795 656 ἀποπτύσαντα
819 614 870 665 μὴ
897 617 1015 654 κινεῖν
1040 614 1145 665 δόρυ,

249 682 371 733 κακὴν
398 682 613 734 ἐφευρόντ’,
642 681 732 722 ἀλλ’
761 683 827 722 ἐᾶν
853 680 970 721 αὐτοῦ
993 680 1126 731 μένειν

246 750 392 800 μισθόν
416 766 459 790 τε
484 749 602 790 δόντα
625 747 767 800 μήποτ’
794 749 848 790 εἰς
874 749 1001 789 οἴκους
1026 750 1184 798 λαβεῖν.

248 816 340 856 ἀλλ’
366 817 450 856 οὔτι
474 816 594 872 ταύτῃ
622 815 696 856 σὸν
722 814 890 868 φρόνημ’
918 814 1144 866 ἐπούρισας,
1412 815 1476 846 610

247 885 383 937 ψυχὰς
408 885 449 923 δὲ
475 884 630 924 πολλὰς
656 883 829 935 κάγαθὰς
855 882 1082 926 ἀπώλεσας,

249 951 399 990 παίδων
423 949 456 989 τ’
480 949 647 991 ἄπαιδας
671 952 790 1001 γραῦς
815 949 956 999 ἔθηκας
983 950 1024 988 ἐν
1049 948 1193 998 δόμοις,

250 1017 412 1058 πολιούς
436 1016 468 1056 τ’
495 1016 664 1068 ἀφείλου
690 1014 861 1067 πατέρας
886 1015 1024 1067 εὐγενῆ
1049 1014 1179 1054 τέκνα.

249 1084 303 1124 ὧν
329 1084 384 1126 εἶς
411 1084 488 1136 ἐγὼ
513 1083 719 1134 δύστηνος·
757 1081 948 1132 αὐθέντην
973 1083 1014 1121 δὲ
1041 1083 1089 1121 σὲ

247 1149 429 1202 μιάστορ’
454 1150 506 1192 ὥς
530 1149 602 1190 τιν’
628 1148 843 1201 εἶσδέδορκ’
869 1146 1104 1201 Ἀχιλλέως.
1414 1148 1478 1187 615

249 1216 291 1259 ὃς
316 1216 404 1257 οὐδὲ
429 1217 590 1268 τρωθεὶς
615 1214 735 1266 ἦλθες
760 1216 802 1255 ἐκ
826 1216 972 1267 Τροίας
996 1215 1128 1265 μόνος,

251 1282 448 1324 κάλλιστα
471 1283 592 1337 τεύχη
620 1282 653 1322 δ’
681 1284 722 1323 ἐν
750 1285 907 1322 καλοῖσι
933 1280 1138 1333 σάγμασιν

250 1350 350 1401 ὅμοι’
377 1352 506 1391 ἐκεῖσε
531 1350 644 1402 δεῦρό
668 1349 701 1389 τ’
726 1349 873 1401 ἤγαγες
899 1347 1033 1388 πάλιν.

251 1417 356 1469 κάγὼ
379 1419 452 1468 μὲν
478 1417 605 1467 ηὔδων
630 1420 683 1471 τῷ
709 1419 897 1468 γαμοῦντι
922 1414 1021 1465 μήτε
1045 1415 1111 1454 σοὶ

251 1485 366 1533 κῆδος
392 1483 565 1535 ξυνάψαι
589 1482 688 1534 μήτε
714 1483 891 1533 δώμασιν
915 1484 1061 1532 λαβεῖν
1416 1481 1480 1513 620

251 1552 368 1600 κακῆς
392 1549 574 1602 γυναικὸς
600 1553 747 1590 πῶλον·
785 1548 1001 1601 ἐκφέρουσι
1024 1549 1100 1600 γὰρ

249 1616 394 1671 μητρῷ’
418 1618 560 1666 ὀνείδη.
631 1619 744 1655 τοῦτο
772 1616 833 1655 καὶ
860 1614 1046 1655 σκοπεῖτέ
1069 1630 1148 1664 μοι,

251 1685 486 1735 μνηστῆρες,
516 1684 662 1732 ἐσθλῆς
689 1680 867 1733 θυγατέρ’
894 1682 936 1720 ἐκ
960 1680 1105 1731 μητρὸς
1129 1682 1288 1729 λαβεῖν.

252 1749 347 1802 πρὸς
371 1752 506 1789 τοῖσδε
531 1748 563 1789 δ’
590 1750 644 1790 εἰς
668 1748 846 1800 ἀδελφὸν
871 1747 924 1787 οἷ’
951 1747 1189 1799 ἐφύβρισας,

253 1815 408 1869 σφάξαι
434 1815 624 1857 κελεύσας
649 1813 826 1867 θυγατέρ’
851 1813 1112 1864 εὐηθέστατα;
1416 1813 1479 1854 625

253 1884 375 1924 οὕτως
400 1882 557 1924 ἔδεισας
581 1881 632 1932 μὴ
659 1882 704 1922 οὐ
730 1880 851 1930 κακὴν
877 1878 1038 1932 δάμαρτ’
1064 1879 1171 1934 ἔχῃς.

252 1950 355 1990 ἑλὼν
381 1951 422 1990 δὲ
446 1947 734 2001 Τροίαν-εἶμι
759 1949 835 1999 γὰρ
861 1945 1057 1987 κάνταῦθά
1082 1961 1207 1985 σοι-

251 2016 319 2056 οὗκ
345 2015 503 2057 ἔκτανες
529 2018 692 2068 γυναῖκα
718 2014 870 2067 χειρίαν
894 2013 1048 2063 λαβών,

252 2081 358 2128 ἀλλ’,
389 2082 440 2124 ὡς
465 2083 616 2123 ἐσεῖδες
641 2081 808 2132 μαστόν,
837 2079 1021 2130 ἐκβαλὼν
1045 2077 1162 2130 ξίφος

192 2177 255 2206 602
281 2174 378 2215 δόμον
393 2174 425 2204 Μ
539 2176 604 2214 603
627 2175 665 2206 τὸ
679 2175 737 2207 σὺν
750 2174 780 2204 V
795 2174 866 2213 (τὸν
878 2172 919 2202 V²
924 2173 959 2212 ):
984 2177 1165 2211 utrumque
1179 2170 1206 2201 B
1221 2175 1254 2201 et
1267 2174 1291 2204 Σ
1381 2169 1480 2210 φίλον

152 2218 184 2248 Μ
196 2218 237 2248 V²
377 2219 444 2249 606
467 2219 606 2259 ἀθρήσας
624 2217 655 2247 Α
673 2222 707 2248 et
723 2228 766 2248 ex
784 2217 931 2258 ἀθροίσας
949 2216 1070 2246 sactum
1090 2215 1116 2245 L
1259 2214 1324 2252 609
1349 2213 1434 2245 οἰκον
1452 2212 1480 2242 L

148 2262 301 2300 619-623
325 2262 462 2292 damnat
476 2260 708 2292 Wi1amowitz
797 2262 860 2298 625
878 2259 1094 2297 εὐηθέστατον
1112 2258 1230 2289 Nauck
1320 2256 1419 2286 6:26¹
1402 2268 1480 2297 εχῃς

151 2305 232 2338 Lz:
264 2305 350 2345 ἔχεις
373 2305 445 2335 rell.
472 2310 496 2338 Σ
516 2305 603 2336 alter
734 2305 800 2343 629
832 2304 872 2335 σὺ
896 2303 921 2334 δ’
946 2304 986 2334 ὡς
1012 2302 1130 2333 Galen.
1154 2312 1184 2333 v.
1212 2312 1242 2340 p.
1271 2309 1345 2339 405,
1372 2299 1477 2330 Clem.

150 2348 275 2379 Strom.
295 2349 326 2379 ii.
349 2358 379 2387 p.
403 2358 460 2386 175
