1651 2780
672 84 1020 123 ΕΥΡΙΠΙΔΟΥ

188 189 265 226 Πλ.
288 186 328 225 τί
349 188 446 236 δῆτα
471 186 618 227 τέκνων
643 190 764 228 τῶνδε
790 191 850 229 δεῖ
874 191 1107 240 παρουσίαςς
1430 205 1512 237 1005

148 307 151 313 Ι
188 255 255 292 Εκ.
283 251 454 303 ἄμεινον,
482 250 530 303 ἢν
556 253 605 293 σὺ
633 253 838 311 κατθάνῃς,
866 256 1001 296 τούσδ’
1029 256 1183 298 εἰδέναι.

186 322 266 359 Πλ.
289 323 418 361 καλῶς
443 319 595 371 ἔλεξας·
632 324 723 377 τῇδε
751 322 812 362 καὶ
839 323 1083 375 σοφώτερον.

187 388 256 426 Ex.
282 385 386 425 οἶσθ’
412 386 480 427 οὖν
505 385 677 429 Ἀθάνας
702 387 824 430 Ἰλίας
851 389 914 429 ἵνα
940 389 1099 442 στέγαι,-

186 455 264 493 Πλ.
287 452 438 493 ἐνταῦθ’
465 454 484 492 ὁ
508 455 659 506 χρυσός
684 456 790 501 ἐστι,·
830 459 995 506 σημεῖον
1020 459 1060 497 δὲ
1085 457 1140 503 τί,·

186 522 253 559 Ex.
280 519 450 570 μέλαινα
475 519 598 571 πέτρα
622 523 694 572 γῆς
719 521 1005 573 ὑπερτέλλουσ’
1030 522 1122 563 ἄνω.
1425 538 1511 562 1010

184 589 264 626 Πλ.
285 586 339 626 ἔτ’
364 587 432 627 οὖν
457 604 495 626 τι
519 587 649 644 βούλῃ
674 591 752 628 τῶν
778 589 858 628 ἐκεῖ
881 588 1043 641 φράζειν
1071 591 1174 640 ἐμοί;

184 656 254 693 Εκ.
282 654 415 693 σῶσαί
437 670 484 694 σε
508 652 678 706 χρήμαθ’
703 655 760 696 οἷς
787 654 1032 705 συνεξῆλθον
1058 655 1173 696 θέλω.

183 723 262 760 Πλ.
284 723 358 760 ποῦ
383 722 498 770 δῆτα;
526 720 692 761 πέπλων
717 721 826 763 ἐντὸς
851 719 873 771 ἢ
901 722 1075 775 κρύψασ’
1101 723 1227 776 ἔχεις;

183 790 251 827 Ex.
280 787 438 828 σκύλων
463 789 505 828 ἐν
530 789 639 842 ὄχλῳ
665 791 802 829 ταῖσδε
828 786 994 843 σῴζεται
1020 789 1195 842 στέγαις.

182 856 260 893 Πλ.
282 857 356 894 ποῦ
381 853 434 901 δ’,·
473 854 546 894 αἵδ’
573 854 749 908 Ἀχαιῶν
773 855 966 909 ναύλοχοι
990 859 1240 911 περιπτυχαί.
1429 872 1508 904 1015

180 923 250 961 Εκ.
279 921 355 974 ἰδίᾳ
379 925 573 973 γυναικῶν
598 923 902 975 αἰχμαλωτίδων
928 922 1081 975 στέγαι.

181 990 260 1027 Πλ.
281 986 422 1028 τᾶνδον
447 989 488 1028 δὲ
513 989 637 1029 πιστὰ
663 987 867 1040 κάρσένων
891 990 1048 1041 ἐρημία;

180 1057 249 1094 Εκ.
276 1054 402 1096 οὐδεὶς
427 1054 602 1108 Ἀχαιῶν
627 1055 754 1101 ἔνδον,
782 1055 875 1096 ἀλλ’
900 1056 1012 1107 ἡμεῖς
1035 1057 1165 1107 μόναι.

279 1120 370 1161 ἀλλ’
398 1120 482 1173 ἕρπ’
511 1123 550 1163 ἐς
575 1122 715 1163 οἴκους·
756 1122 818 1162 καὶ
842 1124 918 1175 γὰρ
943 1122 1117 1176 Ἀργεῖοι
1141 1127 1241 1165 νεῶν

277 1191 398 1228 λῦσαι
424 1190 618 1229 ποθοῦσιν
643 1188 766 1229 οἴκαδ’
794 1190 836 1229 ἐκ
860 1190 1005 1241 Τροίας
1030 1190 1144 1230 πόδα·
1424 1203 1508 1227 1020

279 1254 328 1296 ὡς
354 1253 481 1295 πάντα
507 1253 656 1307 πράξας
681 1256 736 1296 ὧν
761 1272 809 1296 σε
835 1259 896 1297 δεῖ
920 1258 1083 1314 στείχῃς
1108 1255 1231 1297 πάλιν

276 1320 345 1372 ξὺν
370 1323 507 1362 παισὶν
532 1321 652 1375 οὗπερ
677 1322 745 1363 τὸν
771 1321 864 1373 ἐμὸν
889 1322 1035 1378 ᾤκισας
1059 1324 1192 1376 γόνον.

178 1390 249 1428 Xo.
276 1388 383 1429 οὔπω
408 1387 589 1435 δέδωκας,
616 1388 707 1429 ἀλλ’
733 1391 830 1431 ἴσως
856 1390 996 1432 δώσεις
1021 1391 1143 1441 δίκην·

410 1456 596 1506 ἀλίμενόν
620 1472 678 1498 τις
704 1455 754 1498 ὡς
780 1457 834 1498 εἰς
859 1455 1006 1498 ἄντλον
1030 1457 1166 1498 πεσὼν
1422 1469 1505 1501 1025

413 1522 604 1575 Τλέχριος
630 1524 780 1579 ἐκπεσῇ
807 1523 929 1575 φίλας
954 1525 1124 1575 καρδίας,

411 1587 585 1640 ἀμέρσας
609 1591 762 1639 βίοτον.
833 1590 877 1630 τὸ
901 1592 977 1642 γὰρ
999 1590 1198 1643 ὑπέγγυον

411 1655 514 1709 Δίκᾳ
539 1655 602 1695 καὶ
628 1658 778 1696 θεοῖσιν
805 1656 849 1696 οὐ
875 1657 1096 1707 συμπίτνει·

409 1720 592 1773 ὀλέθριον
616 1721 797 1773 ὀλέθριον
824 1718 981 1763 κακόν.’Ῑ“
1418 1735 1503 1767 1030

274 1787 422 1840 ψεύσει
447 1787 486 1827 σ’
511 1789 602 1828 ὁδοῦ
625 1788 738 1838 τῆσδ’
765 1790 877 1831 ἐλπὶς
902 1789 926 1839 ἥ
951 1789 989 1828 σ’
1014 1789 1215 1842 ἐπήγαγεν

408 1854 627 1906 θανάσιμον
651 1854 748 1907 πρὸς
765 1854 919 1902 “Ἀιδαν,
948 1857 992 1896 ἰὼ
1016 1855 1153 1898 τάλας·

409 1921 596 1976 ἆπολέμῳ
622 1923 663 1962 δὲ
688 1923 791 1975 χειρὶ
816 1924 973 1974 λείψεις
999 1923 1103 1972 βίον.

221 2023 304 2052 1005
337 2017 403 2045 τῶν
427 2026 467 2053 γε
495 2013 520 2043 L
668 2015 750 2044 1006
781 2014 857 2046 τούς
883 2014 916 2054 ’γ’
947 2013 972 2043 L
1110 2023 1191 2053 1007
1229 2013 1395 2045 Punctum
1424 2019 1500 2053 post

175 2057 286 2097 ἔλεξας
303 2057 416 2096 posuit
434 2056 670 2087 Boissonnade
762 2066 844 2096 1013
869 2056 995 2088 πέπλον
1010 2056 1042 2086 Μ
1062 2068 1069 2087 z
1095 2067 1179 2087 corr.
1196 2056 1243 2087 Μ2
1335 2066 1416 2095 1015
1440 2059 1501 2088 ποῦ

174 2101 200 2131 δ’
214 2099 295 2136 αἵδ’;
321 2124 327 2130 .
345 2123 353 2130 .
374 2124 380 2130 .
399 2100 614 2141 περιπτυχαῖς
639 2100 949 2140 interpungendum
968 2105 1083 2131 monet
1097 2104 1120 2133 Σ
1134 2109 1234 2138 unus,
1248 2104 1283 2130 ut
1297 2110 1398 2139 supra
1415 2099 1501 2130 alter

179 2153 259 2181 1024
286 2143 449 2174 Hecubae
467 2144 668 2174 continuant
686 2144 719 2174 M
738 2148 771 2174 et
788 2149 812 2177 Σ
830 2156 837 2174 :
862 2153 946 2174 corr.
968 2143 1014 2173 M2
1107 2153 1187 2182 1025
1213 2144 1363 2183 ἐμπεσὼν
1379 2143 1475 2174 codd.
1492 2154 1499 2173 ε

175 2196 259 2217 corr.
278 2186 459 2225 Byzantini
610 2188 694 2217 1026
719 2186 840 2229 ἐκπέσῃ
859 2186 1014 2226 plerique
1118 2187 1216 2227 φίλης
1234 2187 1261 2217 L
1371 2187 1499 2228 καρδίας
1545 2203 1547 2205 -

175 2230 271 2260 codd.
294 2235 327 2259 et
344 2235 367 2263 Σ
388 2230 442 2270 (cf.
472 2230 576 2269 Soph.
595 2229 677 2262 Ant.
698 2232 793 2269 1105ss
811 2241 818 2260 :
849 2230 991 2260 fortasse
1009 2230 1170 2272 κερδείαςε
1201 2229 1242 2260 cf.
1259 2229 1410 2269 Hesych.
1425 2239 1450 2259 s.
1466 2239 1495 2259 v.

179 2282 259 2311 1027
286 2273 414 2313 βίοτον]
434 2274 507 2310 βίον
525 2273 703 2304 Hermann
864 2283 947 2313 1029
971 2274 1042 2311 δίκη
1061 2274 1087 2304 L
1191 2272 1227 2304 οὗ
1244 2273 1498 2312 Hernsterhuys

178 2317 227 2352 (οὐ
246 2318 411 2355 συμπεσὸν
429 2316 614 2356 ἀφανίζεται
631 2317 744 2347 reddit
763 2316 929 2355 Didymus
947 2317 978 2346 in
997 2317 1039 2356 Σ)
1212 2325 1290 2355 1031
1317 2316 1453 2356 ψεύσεισ
1469 2315 1496 2347 δ’

178 2358 209 2387 M
225 2370 230 2389 :
257 2369 342 2390 corr.
363 2359 409 2388 M²
500 2360 667 2400 ὑπήγαγεν
684 2360 809 2390 Goram
962 2370 1043 2398 ¹034
1069 2360 1181 2396 βίοτον
1199 2359 1231 2390 Μ
1247 2359 1272 2389 L
