1651 2780
601 100 951 138 ΕΎΡΙΠΙΔΟΎ

277 203 427 245 ὠδίνων
452 221 493 245 τε
522 204 584 245 καὶ
612 205 857 257 ἀφροσύνας.

275 270 324 311 δι’
350 272 445 322 ἐμᾶς
469 270 560 328 ᾗξέν
588 288 685 312 ποτε
710 272 849 322 νηδύος
874 271 934 312 ἅδ’

276 338 384 390 αὔρα.
457 340 529 379 τᾶν
555 338 587 379 δ’
616 339 786 393 εύλοχον
811 339 996 391 οὐρανίαν

341 404 468 456 τόξων
493 405 716 457 μεδέουσαν
736 406 881 464 ἀύτευν

202 470 405 532 ’Άρτεμιν,
435 474 501 513 καί
523 490 589 524 μοι
614 473 895 525 πολυζήλωτος
921 474 996 514 αἰεὶ

311 540 386 581 σὺν
412 543 540 581 θεοῖσι
567 541 700 595 φοιτᾷ.

130 678 187 684 —
213 651 304 692 ἀλλ’
329 652 397 702 ἥδε
422 652 570 705 τροφὸς
596 654 733 705 γεραιὰ
759 651 833 704 πρὸ
859 655 985 705 θυρῶν

278 717 394 770 τήνδε
422 719 621 771 κομίζουσ’
648 719 723 770 ἔξω
748 718 971 771 μελάθρων·

278 783 464 839 [στυγνὸν
490 787 521 826 δ’
548 787 709 839 ὀφρύων
735 785 857 839 νέφος
883 785 1117 838 αὐξάνεται.]

278 855 318 894 τί
340 854 425 895 ποτ’
454 854 542 894 ἔστι
566 856 706 904 μαθεῖν
733 853 866 905 ἔραται
890 853 1016 907 ψυχή,

278 922 318 961 τί
340 920 551 971 δεδήληται

347 988 465 1039 δέμας
491 988 718 1041 ἀλλόχροον
744 988 972 1038 βασιλείας.

112 1096 306 1125 ΤΡΟΦΟΣ

281 1154 309 1196 ὦ
337 1158 435 1196 κακὰ
461 1158 615 1207 θνητῶν
642 1156 834 1207 στυγεραί
857 1172 898 1195 τε
925 1155 1051 1195 νόσοι.

280 1224 320 1264 τί
342 1223 380 1262 σ’
406 1224 484 1276 ἐγὼ
510 1222 663 1275 δράσω;
702 1224 742 1263 τί
765 1225 806 1263 δὲ
831 1222 882 1274 μὴ
908 1221 1061 1274 δράσω;

281 1291 370 1332 τόδε
396 1307 462 1331 σοι
488 1290 641 1344 φέγγος
666 1290 863 1342 λαμπρόν,
892 1288 947 1330 ὅδ’
972 1288 1100 1341 αἰθήρ·

282 1357 357 1408 ἔξω
383 1360 425 1399 δὲ
451 1359 582 1409 δόμων
608 1357 679 1409 ἤδη
707 1360 875 1409 νοσερᾶς

282 1424 418 1476 δέμνια
444 1426 587 1475 κοίτης.

283 1495 395 1544 δεῦρο
420 1494 493 1545 γὰρ
521 1494 653 1533 ἐλθεῖν
679 1495 757 1533 πᾶν
781 1492 876 1533 ἔπος
902 1490 949 1541 ἦν
975 1508 1053 1531 σοι·

283 1558 387 1612 τάχα
412 1558 444 1599 δ’
470 1560 509 1601 ἐς
535 1558 735 1609 θαλάμους
762 1558 952 1600 σπεύσεις
975 1557 1019 1598 τὸ
1047 1556 1179 1598 πάλιν.

284 1625 385 1678 ταχὺ
410 1627 483 1678 γὰρ
511 1624 683 1681 σφάλλῃ
710 1625 861 1666 κούδενὶ
886 1625 1050 1678 χαίρεις,

285 1691 374 1733 οὐδέ
401 1692 439 1732 σ’
465 1691 625 1744 ἀρέσκει
649 1691 694 1731 τὸ
720 1692 859 1743 παρόν,
888 1691 933 1731 τὸ
958 1690 991 1731 δ’
1017 1690 1119 1731 ἀπὸν

287 1760 478 1812 φίλτερον
503 1759 588 1816 ἡγῇ.

288 1831 477 1879 κρεῖσσον
504 1828 545 1867 δὲ
572 1829 707 1866 νοσεῖν
732 1822 755 1875 ἢ
781 1824 1023 1877 θεραπεύειν·

286 1893 331 1934 τὸ
355 1893 429 1945 μέν
455 1894 566 1934 ἐστιν
592 1894 757 1938 ἁπλοῦν,
785 1896 837 1946 τῷ
864 1893 905 1932 δὲ
932 1890 1122 1931 συνάπτει

286 1961 391 2011 λύπη
417 1977 459 2001 τε
485 1963 643 2013 φρενῶν
668 1960 809 2013 χερσίν
833 1975 876 1999 τε
900 1959 1031 2000 πόνος.

289 2031 366 2071 πᾶς
390 2027 423 2067 δ’
450 2026 637 2079 ὀδυνηρὸς
662 2027 753 2078 βίος
779 2025 1008 2077 ἀνθρώπων,

358 2095 448 2135 κούκ
474 2095 563 2136 ἔστι
587 2095 719 2136 πόνων
744 2091 979 2134 ἀνάπαυσις.

1384 277 1442 318 165

1387 662 1447 698 170

1387 999 1446 1031 Ι75

1388 1427 1450 1458 180

1394 1761 1451 1799 185

1391 2104 1453 2137 190

172 2189 228 2227 167
259 2189 388 2230 ἄρτεμιν
410 2187 526 2221 ἀύτευν
541 2186 649 2218 VLP
831 2196 889 2224 172
914 2186 1004 2216 hunc
1022 2195 1051 2216 v.
1071 2189 1148 2224 post
1169 2184 1229 2215 180
1251 2183 1324 2215 trai.
1344 2182 1454 2215 Wila-

125 2233 260 2263 mowitz
408 2242 467 2271 173
494 2234 560 2274 ἐρᾶι
578 2234 630 2264 τᾶι
650 2231 682 2261 Μ
698 2242 703 2260 z
731 2232 839 2272 ἐρᾶται
860 2229 945 2259 M²V
1034 2230 1124 2268 ψυχῆ
1142 2228 1193 2258 V:
1217 2228 1308 2269 ψυχὰ
1324 2226 1355 2257 Α
1367 2227 1394 2258 L
1407 2226 1452 2258 P.:

125 2279 225 2316 ψυχᾶι
241 2275 272 2305 Μ
288 2276 315 2306 Β
409 2277 469 2314 178
493 2276 637 2316 λαμπρὸς
651 2274 683 2305 Μ
696 2274 727 2304 Α
819 2274 878 2304 180
903 2273 1010 2305 κοίτας
1026 2271 1052 2302 Β
1064 2272 1094 2303 V
1106 2272 1132 2303 L
1146 2272 1171 2302 Ρ

127 2319 292 2394 σὲάνέᾼΡ
457 2319 515 2358 187
551 2320 590 2352 τὸ
619 2317 654 2351 δὲ
683 2317 730 2349 Μ2
759 2316 819 2358 (τῶ
847 2316 882 2349 δὲ
911 2316 959 2357 M)

126 2374 145 2394 a
194 2388 202 2396 .

1279 2272 1337 2309 184
1363 2269 1457 2303 οὐδέν

1130 2326 1192 2356 190
1227 2326 1291 2346 orn.
1324 2315 1350 2345 L
1363 2315 1388 2345 P
1401 2314 1431 2345 N
1448 2325 1456 2344 ι
