1683 2732
120 964 138 995 5

99 1255 137 1277 10

531 129 1120 184 HPAKAEIAAI

469 612 756 651 ΎΙἸΟΘΕΣΙΣ
808 613 1175 652 ΗΡΑΚΛΕΙΔΩΝ

206 718 334 755 Ἰόλαος
352 720 421 756 υἱὸς
437 721 498 765 μὲν
513 719 551 764 ἧν
563 720 766 765 Ἰφικλέους,
782 720 992 767 ἀδελφιδοῦς
1011 722 1046 756 δέ
1060 721 1280 767 Ἡρακλέους·
1309 722 1344 757 ε’ν
1358 724 1486 766 νεότητι

158 777 188 811 δ’
214 778 328 826 ἐκείνῳ
357 780 695 824 συστρατευσόμενος
724 779 760 814 ἐν
786 779 873 825 γήρᾳ
902 782 972 815 τοῖς
999 780 1037 823 ἐξ
1067 779 1192 814 ἐκείνου
1218 779 1343 824 ,Βοηθὸς
1374 782 1487 815 εὔνους

157 835 321 880 παρέστη.
365 839 430 871 τῶν
443 837 508 882 γὰρ
521 837 651 872 παίδων
669 837 707 881 ἐξ
725 836 858 881 ἁπάσης
875 837 1106 882 ἐλαυνομένων
1124 839 1185 883 γῆς
1202 836 1257 872 ὑπ’
1272 837 1485 882 Εὐρυσθέως,

156 895 246 939 ἔχων
263 893 383 929 αὐτοὺς
407 892 509 938 ἦλθεν
534 894 579 930 εἷς
597 894 741 939 Ἀθήνας
766 895 856 930 κάκεῖ
877 897 1094 941 προσφυγὼν
1115 897 1186 930 τοῖς
1209 895 1298 931 θεοῖς
1320 897 1402 940 ἔσχε
1428 897 1487 940 τὴν

157 951 354 998 ἀσφάλειαν
384 955 612 999 Δημοφῶντος
645 955 703 997 τῆς
734 955 868 990 πόλεως
900 956 1113 999 κρατοῦντος.
1164 954 1321 1000 Κοπρέως
1356 955 1392 988 δέ
1426 957 1486 989 τοῦ

157 1011 359 1055 Εὐρυσθέως
382 1010 522 1056 κήρυκος
544 1011 704 1047 ἀποσπᾶν
725 1012 884 1047 θέλοντος
907 1012 983 1047 τοὺς
1007 1011 1116 1047 ἱκέτας
1138 1012 1310 1046 ἐκώλυσεν
1330 1014 1440 1047 αὐτόν·
1466 1011 1484 1046 ὃ

157 1068 192 1103 δὲ
223 1068 353 1112 ἀπῆλθε
383 1071 533 1115 πόλεμον
562 1069 750 1113 ἀπειλήσας
779 1069 1047 1115 προσδέχεσθαι.
1099 1069 1272 1114 Δημοφῶν
1303 1070 1337 1104 δέ
1365 1069 1485 1105 τούτου

156 1127 215 1171 μὲν
239 1127 415 1172 ὠλιγώρει·
440 1130 603 1172 χρησμῶν
628 1127 664 1161 δὲ
688 1126 776 1174 αὐτῷ
802 1129 992 1173 νικηφόρων
1015 1128 1229 1174 γενηθέντων,
1252 1128 1309 1163 ἐὰν
1333 1128 1484 1173 Δήμητρι

155 1185 215 1229 τὴν
229 1185 468 1230 εὐγενεστάτην
481 1184 657 1230 παρθένων
672 1185 802 1231 σφάξῃ,
816 1187 885 1220 τοῖς
899 1186 1030 1231 λογίοις
1042 1185 1175 1232 βαρέως
1190 1186 1305 1231 ἔσχεν·
1330 1188 1405 1221 οὔτε
1418 1187 1484 1232 γὰρ

155 1241 241 1276 ἰδίαν
269 1244 345 1277 οὕτε
370 1246 436 1277 τῶν
460 1245 610 1278 πολιτῶν
627 1257 714 1279 τινος
744 1243 912 1290 θυγατέρα
938 1244 1038 1289 χάριν
1062 1247 1128 1279 τῶν
1153 1245 1268 1278 ἱκετῶν
1293 1243 1483 1280 ἀποκτεῖναι

155 1299 282 1334 δίκαιον
315 1301 452 1346 ἡγεῖται.
512 1301 570 1345 τὴν
603 1301 759 1345 μαντείαν
793 1302 830 1336 δέ
859 1304 1057 1347 προγνοῦσα
1091 1301 1148 1347 μία
1181 1304 1248 1336 τῶν
1273 1300 1483 1347 Ἱ-Ιρακλέους

153 1358 291 1400 παίδων,
326 1359 491 1405 Μακαρία,
519 1361 576 1394 τὸν
607 1359 750 1394 θάνατον
784 1360 946 1395 ἑκουσίως
979 1359 1120 1403 ὑπέστη.
1180 1359 1303 1404 ταύτην
1336 1360 1396 1404 μέν
1426 1358 1483 1395 οὖν

154 1416 292 1461 εὐγενῶς
320 1417 559 1452 ἀποθανοῦσαν
583 1417 755 1462 ἐτίμησαν·
794 1418 888 1452 αὐτοὶ
914 1418 950 1452 δὲ
976 1418 1052 1454 τοὺς
1078 1416 1261 1463 πολεμίους
1290 1418 1482 1463 ἐπιγνόντες

155 1476 321 1519 παρόντας
340 1475 384 1510 εἷς
403 1475 462 1518 τὴν
480 1475 590 1519 μάχην
607 1476 767 1520 ὥρμησαν
770 1501 917 1510 .....

197 1567 443 1606 Argumentum
460 1566 572 1598 omisit
590 1566 627 1605 L,
645 1566 721 1598 add.
743 1565 782 1598 L²
797 1566 851 1598 vel
867 1566 881 1597 l
1051 1569 1072 1596 6
1096 1565 1218 1607 ἱκέτας]
1239 1566 1365 1599 οἰκέτας
1383 1568 1479 1599 codd.

153 1613 173 1642 8
197 1611 304 1655 <Κόρῃ
321 1613 394 1653 καὶ)
412 1613 558 1654 Δήμητρι
575 1612 727 1644 Vonhoff
879 1624 901 1653 9
925 1613 1080 1656 παρθένον
1098 1613 1124 1644 Ρ
1232 1615 1355 1654 λογίοις
1373 1614 1481 1645 Wila-

154 1657 288 1686 mowitz
305 1667 311 1686 ε
335 1656 446 1697 λόγοις
460 1657 556 1686 codd.
672 1666 710 1687 10
734 1658 868 1689 οἰκετῶν
886 1657 912 1687 Ρ
1027 1667 1065 1696 13
1084 1658 1237 1697 ἐτίμησεν
1253 1658 1371 1688 codd.:
1397 1667 1479 1688 corr.

154 1699 258 1730 Ludv.
275 1699 426 1729 Dindorf.
468 1700 631 1739 Spectant
650 1700 733 1730 haec
747 1701 788 1730 ad
803 1705 931 1739 partem
951 1700 1082 1731 fabulae
1097 1705 1173 1739 post
1187 1711 1217 1731 v.
1232 1701 1297 1740 629
1312 1702 1478 1732 omissam.

151 1741 204 1817 ἓξ.
218 1742 330 1824 5525}-
342 1742 401 1774 Ar.
413 1742 475 1782 Eq.
487 1752 500 1772 1
510 1752 565 1782 151
580 1742 783 1784 κατέσφαξεν
797 1745 915 1783 ἑαυτὴν
929 1744 961 1786 (ἡ
977 1745 1123 1786 Μακαρία
1132 1753 1148 1784 ³,
1162 1746 1200 1776 ὡς
1215 1746 1249 1776 ἐν
1260 1746 1481 1787 Ἡρακλείδαις

194 1798 260 1828 ρΠΙἿ.

1278 2384 1335 2412 10*-
