1651 2780
647 89 998 126 ΕΥΡΙΠΙΔΟΥ

256 189 345 241 παρ’
371 190 481 242 ἀνδρὶ
509 193 605 245 τῷδε
632 191 694 231 καὶ
719 191 889 232 τεκοῦσά
913 209 980 242 μοι
1004 190 1132 238 τέκνα,

255 255 368 307 εὐνῆς
393 256 501 297 ἕκατι
531 258 592 298 καὶ
616 257 761 311 λέχους
787 258 859 309 σφ’
884 258 1111 300 ἀπώλεσας.

255 322 323 362 οὐκ
349 322 460 363 ἔστιν
483 323 568 374 ἥτις
596 323 698 364 τοῦτ’
724 323 772 364 ἂν
796 323 988 375 Ἑλληνὶς
1012 323 1107 376 γυνὴ

257 389 351 440 ἔτλη
377 389 477 436 ποθ’,
504 391 559 430 ὧν
585 407 631 442 γε
657 390 833 443 πρόσθεν
857 390 991 442 ἠξίουν
1017 391 1095 443 ἐγὼ
1403 405 1486 437 1340

256 458 377 508 γῆμαι
402 455 463 502 σέ,
492 458 605 507 κῆδος
633 456 776 510 ἐχθρὸν
801 457 982 510 ὀλέθριόν
1006 457 1040 498 τ’
1066 459 1165 509 ἐμοί,

255 521 431 569 λέαιναν,
458 522 502 562 οὐ
527 527 705 575 γυναῖκα,
733 526 802 574 τῆς
826 525 1070 576 Τυρσηνίδος

255 589 436 639 Σκύλλης
462 589 637 642 ἔχουσαν
663 589 904 643 ἀγριωτέραν
929 591 1067 643 φύσιν.

255 655 346 695 ἀλλ’
372 655 416 696 οὐ
441 657 514 708 γὰρ
540 656 587 697 ἄν
615 673 662 697 σε
686 658 837 709 μυρίοις
861 658 1033 698 ὀνείδεσι

255 721 421 774 δάκοιμι·
459 723 600 764 τοιόνδ’
628 723 831 776 ἐμπέφυκέ
857 741 923 764 σοι
948 723 1108 776 θράσος·
1405 738 1486 770 ¹345

256 788 345 841 ἔρρ’,
374 790 608 842 αἱσχροποιὲ
635 790 697 830 καὶ
723 789 872 831 τέκνων
896 791 1096 843 μιαιφόνε·

257 857 341 906 ἐμοὶ
366 858 407 897 δὲ
433 855 502 896 τὸν
528 855 621 907 ἐμὸν
648 856 800 908 δαίμον’
827 856 974 907 αἰάζειν
999 858 1118 910 πάρα,

255 921 298 964 ὃς
322 923 410 963 οὔτε
435 922 609 974 λέκτρων
636 923 840 976 νεογάμων
866 923 1071 975 ὀνήσομαι,

255 988 300 1028 οὐ
324 991 464 1031 παῖδας
490 989 556 1031 οὓς
580 990 712 1041 ἕφυσα
741 989 1045 1042 κάξεθρεψάμην

255 1054 329 1106 ἔξω
355 1059 586 1107 προσειπεῖν
614 1056 770 1105 ζῶντας,
799 1055 889 1096 ἀλλ’
916 1057 1121 1097 ἀπώλεσα.
1407 1070 1491 1101 1350

158 1125 238 1172 Mn.
255 1123 406 1173 μακρὰν
432 1122 479 1163 ἂν
504 1121 679 1173 ἐξέτεινα
704 1122 828 1163 τοῖσδ’
856 1123 1033 1163 ἐναντίον

254 1189 450 1241 λόγοισιν,
478 1190 511 1230 εἰ
534 1188 585 1240 μὴ
613 1189 711 1231 Ζεὺς
736 1189 863 1241 πατὴρ
887 1188 1084 1239 ἠπίστατο

256 1254 306 1295 οῖ’
333 1253 380 1304 ἐξ
402 1257 495 1307 ἐμοῦ
520 1255 718 1298 πέπονθας
743 1255 805 1296 οἶά
831 1255 863 1295 τ’
891 1255 1076 1308 εἰργάσω·

255 1322 306 1362 σὺ
331 1321 364 1362 δ’
390 1321 457 1362 οὐκ
483 1322 648 1373 ἔμελλες
672 1322 759 1373 τᾶμ’
785 1322 981 1373 ἀτιμάσας
1003 1322 1106 1377 λέχη

255 1388 421 1440 τερπνὸν
447 1388 592 1439 διάξειν
617 1390 756 1440 βίοτον
783 1391 959 1442 ἐγγελῶν
985 1391 1084 1440 ἐμοί·
1405 1402 1486 1434 1355

256 1454 335 1495 οὐδ’
362 1455 384 1506 ἡ
410 1456 609 1507 τύραννος,
637 1455 715 1496 οὐδ’
743 1456 763 1495 ὁ
789 1457 854 1496 σοὶ
879 1457 1066 1508 προσθεὶς
1093 1454 1239 1507 γάμους

259 1521 394 1574 Κρέων
420 1522 553 1562 ἀνατεὶ
576 1521 698 1573 τῆσδέ
722 1522 761 1573 μ’
788 1523 978 1573 ἐκβαλεῖν
1003 1523 1159 1575 χθονός.

256 1588 353 1640 πρὸς
377 1592 497 1629 ταῦτα
523 1589 584 1629 καὶ
609 1588 784 1635 λέαιναν,
814 1590 846 1629 εἰ
871 1589 1014 1645 βούλῃ,
1043 1588 1153 1629 κάλει

259 1655 321 1695 καὶ
345 1655 530 1695 Σκύλλαν
554 1654 577 1705 ἣ
602 1654 809 1707 Τυρσηνὸν
836 1651 1016 1710 ’Ϋῷκησεν
1042 1649 1202 1696 πέδον·”ῗ“

256 1724 325 1772 τῆς
351 1723 424 1771 σῆς
449 1723 524 1773 γὰρ
551 1721 601 1764 ὡς
624 1721 700 1775 χρὴ
728 1723 884 1774 καρδίας
909 1721 1161 1773 ἀνθηψάμην.
1405 1723 1488 1765 ¹360

160 1791 216 1828 Ια.
259 1787 379 1838 καύτή
406 1805 451 1840 γε
475 1793 579 1845 λυπῇ
605 1789 667 1829 καὶ
694 1792 820 1828 κακῶν
847 1787 1031 1830 κοινωνὸς
1057 1787 1102 1829 ε’ἷ.

159 1858 240 1905 Μη.
259 1854 358 1907 σάφ’
384 1856 481 1895 ἴσθι·
518 1855 604 1895 λύει
629 1853 661 1894 δ’
687 1854 822 1907 ἄλγος,
850 1852 896 1905 ἢν
922 1855 972 1895 σὺ
996 1855 1048 1905 μὴ
1073 1854 1245 1910 ’γγελᾷς.

205 1949 289 1986 1338
313 1946 458 1980 ἆπέωσας
474 1947 506 1978 Α
643 1956 726 1987 1339
750 1949 806 1978 οὐκ
825 1947 897 1978 ἔστι
914 1946 1004 1978 τοῦτ’
1021 1946 1092 1984 ἥτις
1109 1947 1147 1978 ἂν
1163 1945 1193 1976 V
1328 1945 1412 1983 1346
1436 1945 1485 1976 ὅτι

159 1993 249 2022 δοκεῖ
261 1992 318 2023 τὸν
335 1991 454 2032 στίχον
469 1993 585 2023 τοῦτον
608 1991 704 2022 εἰπὼν
728 1990 896 2031 Εὐριπίδης
921 1992 1153 2027 ἐκβεβλῆσθαι·
1187 1989 1234 2020 διὸ
1257 1988 1431 2028 κεχίασται
1448 1992 1482 2020 Σ.

159 2034 207 2065 Cf.
228 2033 383 2065 Machon.
402 2044 457 2074 ap.
474 2034 598 2065 Athen.
619 2044 652 2073 p.
671 2034 735 2072 582
845 2043 924 2073 1347
952 2033 1110 2063 Fortasse
1127 2031 1223 2070 πάρες
1326 2031 1410 2070 1348
1433 2030 1482 2070 ὃς]

159 2079 200 2110 ὡς
216 2077 248 2108 Α
422 2087 501 2117 Ι35Ι
527 2078 649 2118 μακρὰν
666 2078 704 2109 ἂν
719 2076 750 2107 V
762 2076 789 2107 B
805 2087 812 2106 ἓ
840 2077 963 2118 μακρὰν
981 2077 1006 2108 δ’
1023 2077 1062 2108 ἂν
1077 2075 1108 2105 Α
1124 2086 1130 2104 :
1155 2074 1174 2112 ἧ
1191 2074 1282 2116 μάκρ’
1302 2075 1340 2106 ἂν
1358 2074 1384 2104 L
1397 2073 1424 2103 P
1440 2078 1484 2111 et,

160 2126 195 2152 ut
213 2122 292 2159 vid„
311 2126 334 2155 Σ
424 2122 569 2154 ἐναντίον
586 2121 615 2151 V
627 2120 653 2150 B
668 2131 674 2150 :
701 2120 855 2152 ἐναντίοις
872 2119 923 2149 A:
951 2119 1081 2151 ἐναντία
1099 2118 1124 2148 L
1138 2118 1163 2148 Ρ
1175 2123 1198 2151 Σ
1317 2118 1400 2156 1356
1423 2117 1486 2148 οὐδ’

160 2189 168 2197 .
191 2188 198 2195 .
217 2188 223 2194 .
243 2166 306 2196 οὐδ’
325 2164 494 2204 Elmsley:
521 2166 584 2196 οὔθ’
604 2189 609 2195 .
629 2188 635 2193 .
656 2188 661 2194 .
681 2165 744 2196 οὔθ’
762 2163 860 2194 codd.
961 2163 1109 2203 προσθεὶς
1127 2162 1153 2191 L
1166 2161 1211 2193 P:
1236 2162 1360 2203 προθεὶς
1376 2159 1485 2190 AVB

159 2207 264 2248 γάμον
287 2208 327 2238 Α.
386 2208 438 2240 Cf.
464 2209 591 2239 Phoen.
619 2208 678 2247 581
862 2215 942 2245 1357
979 2207 1087 2237 ἀνατεὶ
1122 2205 1187 2235 LP
1209 2218 1260 2246 γρ.
1287 2209 1311 2237 Σ
1338 2203 1484 2245 (aum-O:

162 2252 274 2291 ἄτιμον
291 2252 321 2282 Α
334 2251 360 2281 Β
374 2263 412 2283 v:
438 2252 556 2292 ἀτίμως
573 2251 602 2282 V
706 2248 808 2288 τῆσδέ
824 2249 871 2290 μ’]
891 2250 986 2287 τῆσδ’
1006 2247 1052 2288 ἔμ’
1071 2249 1101 2278 V
1266 2257 1349 2287 1359
1373 2244 1486 2285 πέδον]

161 2295 329 2335 glossema
348 2296 509 2333 σπήλαιον
525 2304 693 2333 suprascr.
713 2294 744 2324 in
763 2293 804 2330 A,
824 2293 913 2323 unde
933 2296 1028 2324 σπέος
1052 2292 1196 2323 coniecit
1221 2291 1401 2330 Musgrave
1425 2290 1485 2321 sed

165 2343 237 2380 ipso
255 2340 352 2381 πόρον
369 2341 463 2379 legit,
482 2340 520 2372 el.
541 2340 643 2371 Herc.
666 2340 716 2370 80.
764 2339 908 2370 Versum
927 2339 1016 2369 delet
1034 2336 1163 2368 Verrall
1258 2337 1337 2374 1362
1357 2333 1490 2375 ’γγελᾷς

167 2385 190 2415 L
207 2385 271 2415 ΡΒ
288 2396 293 2416 z
318 2388 419 2426 ’γελᾷς
438 2383 508 2413 AV
