1683 2732
631 89 1020 127 HPAKAEIAAI

265 193 368 242 κείνη
394 194 437 233 δὲ
461 191 647 234 Πέλοπος
672 193 875 244 θυγατρός.
948 191 1199 244 αὐτανεψίων

264 258 389 311 πατὴρ
414 257 462 299 ἂν
488 260 545 309 εἴη
573 259 644 300 σός
668 276 710 299 τε
735 258 793 311 χὼ
820 259 968 298 τούτων
993 259 1132 311 γεγώς.

319 324 458 376 γένους
481 326 554 376 μὲν
577 324 685 374 ἥκεις
708 324 783 364 ὦδε
807 326 954 370 τοῖσδε,
983 327 1202 375 ΔημοφῶνΟ

264 390 288 430 ἃ
311 389 344 430 δ’
371 389 480 432 ἐκτὸς
503 389 575 440 ἤδη
601 393 670 429 τοῦ
697 388 967 441 προσήκοντός
994 407 1041 430 σε
1067 393 1128 430 δεῖ

263 460 393 497 τεῖσαι
417 455 523 508 λέγω
551 473 616 496 σοι
643 457 772 497 παισί·
813 457 914 509 φημὶ
940 456 1014 508 γάρ
1038 473 1135 497 ποτε
1429 470 1490 501 215

265 523 470 573 σύμπλους
496 521 684 575 γενέσθαι
710 522 825 563 τῶνδ’
851 523 1083 573 ὑπασπίζων
1108 525 1224 576 πατρὶ

267 589 446 640 ζωστῆρα
472 591 608 639 Θησεῖ
630 589 698 630 τὸν
726 590 969 630 πολυκτόνον
993 589 1104 641 μέτα·

257 654 396 696 ’Ἀιδου
421 655 454 695 τ’
481 657 655 708 ἐρυμνῶν
687 655 930 708 ἐξανήγαγεν
953 660 1089 710 μυχῶν

263 722 413 775 πατέρα
439 723 525 763 σόν·
563 722 715 765 Ἑλλὰς
742 726 854 764 πᾶσα
877 726 989 763 τοῦτο
1013 726 1210 775 μαρτυρεῖ.

263 790 317 830 ῶν
343 790 567 830 ἀντιδοῦναί
590 789 628 829 σ’
657 789 729 830 οἵδ’
758 790 992 830 ἀπαιτοῦσιν
1018 789 1146 843 χάριν,
1435 803 1496 826 220

263 854 353 907 μήτ’
379 858 585 907 ἐκδοθῆναι
611 855 708 907 μήτε
736 856 832 908 πρὸς
857 858 953 907 βίαν
979 859 1078 897 θεῶν

265 926 344 963 τῶν
370 927 452 963 σῶν
478 923 810 965 ἀποσπασθέντες
837 925 1020 964 ἐκπεσεῖν
1046 923 1202 976 χθονός.

265 990 332 1029 σοὶ
356 991 430 1042 γὰρ
455 989 535 1030 τόδ’
563 990 734 1043 αἰσχρὸν
762 985 930 1042 Ῠχωρίς,
959 990 1000 1030 ἕν
1024 1007 1065 1030 τε
1091 990 1206 1030 πόλει
1233 985 1392 1036 κακὼ-,Τ

266 1055 394 1098 ἱκέτας
419 1055 568 1106 ἀλήτας
595 1059 819 1108 συγγενεῖς,
849 1057 965 1107 οἵμοι,
994 1060 1177 1099 κακῶς-

265 1122 429 1175 βλέψον
454 1123 550 1174 πρὸς
577 1122 715 1165 αὐτοὺς
741 1123 1170 1175 ,Βλέψον-ἕλκεσθαι
1195 1124 1279 1177 βίᾳ.
1434 1135 1495 1165 225

266 1189 357 1230 ἀλλ’
383 1189 551 1240 ἄντομαί
575 1207 623 1230 σε
650 1189 711 1229 καὶ
739 1189 976 1242 καταστέφω
1002 1193 1149 1243 χεροῖν,

268 1257 330 1296 καὶ
357 1287 364 1296 .
393 1286 402 1296 .
431 1287 439 1296 .
465 1256 563 1308 πρὸς
590 1257 755 1308 γενείου,
782 1260 969 1307 μηδαμῶς
994 1256 1190 1313 ἀτιμάσῃς

264 1322 354 1364 τοὺς
378 1322 640 1374 “Ηρακλείους
666 1326 810 1365 παῖδας
837 1324 875 1365 ἐς
901 1322 1022 1377 χέρας
1045 1323 1202 1374 λαβών·

266 1392 382 1441 γενοῦ
406 1391 447 1430 δὲ
472 1392 605 1430 τοῖσδε
633 1388 844 1441 συγγενής,
873 1393 987 1442 γενοῦ
1010 1391 1130 1441 φίλος

266 1455 392 1508 πατὴρ
418 1455 593 1508 ἀδελφὸς
620 1457 831 1506 δεσπότης·
871 1455 1024 1497 ἅπαντα
1048 1457 1123 1509 γὰρ
1433 1469 1496 1499 230

265 1522 370 1562 ταῦτ’
398 1523 484 1563 ἐστὶ
510 1524 685 1574 κρείσσω
714 1522 819 1573 πλὴν
844 1522 907 1563 ὑπ’
933 1522 1128 1575 Ἀργείοις
1153 1525 1305 1564 πεσεῖν.

166 1591 240 1629 Χο.
267 1587 395 1644 ᾤκτιρ’
421 1590 593 1631 ἀκούσας
619 1589 764 1630 τούσδε
790 1592 1012 1642 συμφορᾶς,
1038 1587 1148 1638 ἄναξ.

265 1655 337 1706 τὴν
362 1654 395 1696 δ’
422 1655 622 1708 εὐγένειαν
647 1658 717 1706 τῆς
743 1656 865 1710 τύχης
889 1655 1105 1707 νικωμένην

265 1725 336 1763 νῦν
360 1722 406 1772 δὴ
430 1721 592 1773 μάλιστ’
619 1724 790 1763 ἐσεῖδον’
829 1724 909 1763 οἵδε
935 1724 1009 1775 γὰρ
1036 1722 1180 1774 πατρὸς

267 1789 415 1829 ἐσθλοῦ
438 1793 607 1841 γεγῶτες
633 1789 871 1843 δυστυχοῦσ’
897 1790 970 1830 ἆνα
1000 1791 1078 1831 ι’ως.
1431 1801 1491 1831 235

169 1861 243 1906 Δη.
261 1856 428 1907 τρισσαί
448 1855 487 1907 μ’
514 1856 782 1908 ἀναγκάζουσι
806 1859 1015 1909 συμφορᾶς
1041 1857 1134 1902 ὁδοί,

265 1922 408 1969 Ἰόλαε,
434 1923 524 1965 τοὺς
549 1923 644 1966 σοὺς
669 1923 719 1974 μὴ
747 1924 1011 1975 παρώσασθαι
1034 1922 1183 1974 ξένους·

209 2025 269 2046 211
296 2016 494 2057 αὐτανεψίων
512 2016 631 2056 Reisig
648 2028 654 2047 :
681 2017 857 2057 αὐτανεψίω
878 2017 902 2046 L
917 2016 942 2046 P
1058 2025 1122 2046 212
1146 2016 1196 2056 χὼ
1216 2014 1417 2045 Kirchhoff:
1441 2015 1491 2046 καὶ

167 2059 193 2089 L
205 2059 231 2089 P
319 2061 468 2098 215—216
486 2061 587 2101 φημὶ.
604 2084 611 2092 .
628 2085 634 2092 .
648 2060 761 2102 πατρὶ]
775 2061 854 2102 φησὶ
870 2085 876 2091 .
893 2061 1041 2101 ..πατὴρ
1053 2058 1242 2096 Kirchhoff‚
1257 2062 1360 2096 recte,
1373 2058 1494 2097 opinor

165 2103 229 2133 218
261 2105 399 2144 ἐρεμνῶν
425 2103 556 2134 Barnes
735 2113 884 2142 220-225
918 2102 1077 2142 suspecti.
1128 2112 1201 2140 221,
1228 2111 1331 2131 222:
1348 2111 1403 2140 97,
1428 2102 1493 2140 98;

166 2156 228 2184 223
248 2151 366 2177 contra
378 2151 519 2178 metrum
533 2153 650 2187 peccat
666 2158 673 2186 ;
697 2158 771 2178 curn
786 2157 848 2186 225
863 2147 901 2177 cs.
914 2146 986 2177 Alc.
1002 2156 1066 2185 390
1156 2155 1218 2183 223
1242 2147 1276 2176 ἐν
1285 2158 1322 2176 τε
1335 2147 1374 2186 τῇ
1388 2144 1492 2182 πόλει,

165 2190 290 2220 omisso
312 2189 420 2225 κακόν,
443 2190 580 2221 Erfurdt
603 2192 626 2231 (‘
641 2192 739 2223 κακὸν
761 2191 845 2221 nihil
867 2195 918 2221 est
942 2190 1006 2220 nisi
1027 2191 1132 2221 κακῶν
1155 2188 1233 2218 illud
1256 2188 1344 2227 quod
1367 2198 1395 2218 v.
1419 2197 1491 2227 seq.

166 2234 348 2272 requiritur
362 2245 369 2264 :
381 2234 388 2244 ’
410 2233 654 2275 Wilamowitz)
670 2244 675 2265 :
701 2234 798 2274 χωρὶς
815 2234 844 2265 εἰ
859 2232 954 2265 πόλει
972 2233 1138 2264 Cornsord
1278 2242 1342 2270 224
1365 2231 1496 2263 κακῶν]

166 2286 227 2316 227
253 2276 321 2316 καὶ]
345 2278 390 2316 μὴ
415 2277 598 2308 Kirchhoff
762 2278 826 2308 228
850 2279 966 2314 λαβεῖν
990 2276 1141 2315 Elmsley
1305 2285 1367 2314 232
1391 2278 1492 2306 τῶνδε

165 2321 329 2361 συμφορὰς
341 2320 510 2360 Elmsley:
536 2320 636 2353 τάσδε
647 2322 810 2362 συμφορὰς
821 2324 991 2350 corrector
1003 2329 1117 2358 apogr.
1136 2319 1242 2349 Paris.
1333 2319 1396 2356 236
1420 2330 1490 2349 συν-

167 2365 251 2396 νοίας
269 2364 441 2395 Schmidt:
470 2367 644 2405 συμφοραῖς
660 2364 790 2394 Verrall
903 2373 963 2401 237
991 2362 1112 2403 ξένους]
1131 2363 1248 2402 λόγους
1270 2362 1453 2391 Kirchhoss·
