1651 2780
647 126 997 164 ΕΥΡΙΠΙΔΟΥ

322 229 374 272 ὡς
399 229 492 270 δείν’
518 228 664 271 ἔπαθεν
691 230 752 270 καὶ
779 231 883 282 παρὰ
907 229 1045 281 μικρὸν
1423 242 1483 275 295

388 296 527 350 ψυχὴν
553 296 674 347 ἦλθεν
699 299 941 343 διακναῖσαι,·

155 399 208 436 Io.
253 394 321 435 οὐκ
347 395 434 436 ἔστι
459 398 573 436 τοῦδε
598 395 714 435 παισὶ
743 395 909 436 κάλλιον
934 395 1064 449 γέρας,

252 458 276 512 ἢ
303 461 449 513 πατρὸς
476 463 625 502 ἐσθλοῦ
653 463 826 514 κάγαθοῦ
851 462 1068 514 πεφυκέναι

255 523 410 580 [γαμεῖν
435 528 468 568 τ’
494 528 560 568 ἀπ’
587 529 758 569 ἐσθλῶν·
797 527 839 571 ὃς
865 531 905 569 δὲ
933 529 1102 579 νικηθεὶς
1129 530 1236 584 πόθῳ

255 599 386 637 κακοῖς
412 595 687 645 ἐκοινώνησεν,
717 595 785 635 οὐκ
812 595 1024 641 ἐπαινέσω,
1424 607 1486 639 300

253 661 404 704 τέκνοις
429 663 577 704 ὄνειδος
602 662 731 716 οὕνεχ’
757 662 899 713 ἡδονῆς
924 660 1085 715 λιπεῖν.]

253 728 297 768 τὸ
323 731 515 783 δυστυχὲς
540 730 615 782 γὰρ
640 729 810 782 ηὑγένει’
836 730 1023 780 ἀμύνεται

252 797 322 847 τῆς
347 797 579 849 δυσγενείας
602 798 773 847 μᾶλλον·
811 797 922 848 ἡμεῖς
946 799 1020 850 γὰρ
1048 800 1174 838 κακῶν

253 864 294 906 ἐς
319 862 545 916 τοῦσχατον
572 864 764 906 πεσόντες
791 865 960 916 ηὕρομεν
985 865 1128 916 φίλους

253 931 317 971 καὶ
341 929 543 982 ξυγγενεῖς
568 930 716 980 τούσδ’,
743 930 780 971 οἳ
804 930 972 981 τοσῆσδ’
998 929 1227 982 οἰκουμένης
1422 941 1485 974 305

252 995 489 1047 Ἑλληνίδος
516 998 588 1050 γῆς
612 999 735 1037 τῶνδε
761 997 1019 1050 προύστησαν
1044 998 1170 1048 μόνοι.

254 1063 346 1110 δότ’,
374 1060 403 1103 ὦ
429 1062 544 1110 τέκν’,
573 1063 703 1106 αὐτοῖς
729 1067 844 1117 χεῖρα
869 1063 1013 1115 δεξιάν,
1041 1064 1143 1105 δότε·

251 1131 361 1181 ὑμεῖς
385 1147 427 1172 τε
453 1132 581 1177 παισί,
611 1131 673 1171 καὶ
699 1130 825 1173 πέλας
850 1130 1107 1184 προσέλθετε.

311 1196 340 1237 ὦ
365 1201 515 1245 παῖδες,
544 1199 583 1240 ἐς
607 1199 682 1250 μὲν
705 1200 848 1249 πεῖραν
870 1196 1045 1247 ἤλθομεν
1071 1198 1215 1249 φίλων·

252 1258 301 1312 ἢν
326 1261 359 1302 δ’
385 1261 453 1303 οὖν
479 1261 567 1303 ποθ’
592 1263 681 1314 ὑμῖν
709 1262 853 1304 νόστος
880 1263 919 1304 ἐς
944 1262 1096 1316 πάτραν
1122 1268 1230 1321 φανῇ
1425 1275 1488 1308 310

254 1330 317 1370 καὶ
343 1328 488 1380 δώματ’
515 1328 702 1380 οἶκήσητε
729 1331 791 1370 καὶ
816 1331 930 1381 τιμὰς
956 1331 1102 1383 πατρός

255 1465 436 1514 σωτῆρας
462 1463 537 1503 αἰεὶ
564 1463 626 1502 καὶ
652 1464 797 1515 φίλους
823 1463 1012 1514 νομίζετε,

256 1530 319 1570 καὶ
342 1528 486 1580 μήποτ’
512 1531 552 1572 ἐς
576 1532 651 1582 γῆν
678 1529 822 1584 ἐχθρὸν
847 1531 1029 1583 αἴρεσθαι
1055 1530 1145 1582 δόρυ

253 1595 458 1647 μέμνησθέ
482 1613 549 1647 μοι
573 1595 693 1647 τήνδ’,
721 1597 827 1637 ἀλλὰ
854 1597 1052 1649 φιλτάτην
1076 1598 1195 1638 πόλιν

255 1667 395 1704 πασῶν
421 1663 602 1714 νομίζετ’.
675 1662 777 1714 ἄξιοι
801 1663 833 1704 δ’
859 1665 949 1715 ὑμῖν
975 1664 1117 1715 σέβειν
1424 1676 1483 1709 315

252 1730 292 1770 οἳ
317 1732 392 1782 γῆν
416 1730 586 1781 τοσήνδε
613 1732 674 1771 καὶ
702 1731 959 1784 Πελασγικὸν
984 1733 1089 1772 λεὼν

253 1797 364 1847 ἡμῶν
390 1796 676 1848 ἀπηλλάξαντο
703 1800 915 1850 πολεμίους
941 1799 1062 1852 ἔχειν,

255 1864 436 1916 πτωχοὺς
461 1863 610 1914 ἀλήτας
636 1866 881 1917 εἰσορῶντες·
919 1865 1011 1906 ἀλλ’
1037 1866 1140 1916 ὅμως

256 1930 324 1970 οὐκ
349 1929 544 1981 ἐξέδωκαν
570 1931 649 1972 οὐδ’
676 1931 889 1982 ἀπήλασαν
914 1933 1071 1985 χθονός.

197 2033 259 2062 297
284 2026 379 2056 τοῦδε
395 2025 486 2056 παισὶ
506 2024 531 2054 L
545 2024 571 2054 P
584 2029 617 2055 et
634 2024 725 2055 Stob.
741 2025 793 2055 88.
813 2035 849 2063 7:
874 2026 963 2056 παισὶ
981 2028 1075 2057 τοῦδε
1093 2024 1185 2055 Stob.
1205 2034 1256 2063 79.
1271 2034 1291 2063 3
1310 2029 1343 2055 et
1360 2024 1478 2055 Orion.

155 2066 268 2106 Eut-ip.
286 2077 307 2106 9
419 2078 567 2107 299—301
595 2069 752 2107 ignorant
768 2068 860 2099 Stob.
873 2073 907 2098 et
922 2068 1038 2108 Orion,
1055 2068 1120 2098 alio
1134 2079 1162 2099 v.
1179 2068 1382 2106 substitut03
1406 2068 1483 2098 vide

153 2111 215 2140 sub
234 2111 290 2141 fin.
310 2110 439 2141 fabulae
616 2122 681 2151 299
704 2112 816 2153 γάμων
835 2112 1013 2150 Musgrave
1189 2121 1252 2150 304
1278 2113 1322 2144 εἷς
1340 2111 1386 2142 L:
1413 2112 1441 2143 εἴ
1457 2110 1485 2141 Ρ

154 2162 217 2192 305
242 2154 271 2185 οἳ
291 2154 336 2184 L:
360 2156 380 2193 ἢ
398 2154 424 2185 Ρ
535 2164 600 2193 310
624 2158 697 2194 ὑμῖν
712 2165 826 2194 apogr.
848 2155 971 2185 Paris.:
995 2156 1069 2194 ἡμῖν
1087 2155 1112 2184 L
1126 2155 1152 2185 Ρ
1260 2164 1320 2193 311
1346 2153 1483 2194 supplet

155 2207 208 2227 ex.
226 2207 274 2235 gr.
292 2197 393 2230 πάλιν
409 2198 549 2236 λάβητε,
567 2201 670 2236 τῆσδε
687 2198 848 2240 κοιράνους
865 2200 980 2239 χθονὸς
995 2198 1145 2237 Elmsley
1233 2208 1295 2237 314
1319 2197 1483 2238 μέμνησθέ

152 2253 205 2280 μοι
222 2240 423 2271 Kirchhoff:
446 2242 641 2281 μεμνημένοι
656 2241 681 2272 L
694 2241 720 2272 P
809 2241 898 2279 τήνδ’
912 2241 1049 2281 scripsi:
1076 2243 1170 2274 τῶνδ’
1187 2242 1211 2272 L
1225 2241 1250 2272 P
1340 2240 1482 2280 (Mavult

154 2283 284 2314 Verrall
301 2287 415 2316 πολεῖν
431 2294 492 2324 pro
510 2285 607 2316 πόλιν
623 2285 785 2323 scribere,
804 2286 923 2316 ceteris
941 2286 1097 2325 servatis)
1253 2294 1315 2324 315
1340 2282 1482 2324 σεβίζετ’

153 2326 335 2358 Wecklein
450 2329 528 2367 ἄξιοι
553 2328 580 2359 δ’
607 2328 780 2368 Elmsley:
816 2329 902 2369 ἄξιον
927 2328 991 2358 LP
1166 2339 1227 2368 317
1254 2327 1481 2369 ὑπηλλάξαντο

155 2370 273 2410 Pssugk
293 2372 397 2410 (ἐνηλ.
420 2370 615 2413 Musgrave)
