1683 2732
624 93 1010 130 ΗΡΑΚΛΕΙΔΑῙ

250 195 423 248 ’Ἄργους
446 195 612 247 τοσήνδε
638 199 752 249 χεῖρα
776 195 847 245 τήν
872 195 909 235 τ’
932 195 1165 247 Εὐρυσθέως

258 261 376 316 ἰσχὺν
401 261 560 303 ἅπασαν
585 264 677 318 τῇδε
701 261 950 314 προσθέσθαι
976 263 1101 303 πόλει.

257 325 305 378 ἣν
330 328 362 368 δ’
387 330 427 371 ἐς
450 328 594 380 λόγους
619 345 661 369 τε
688 328 750 368 καὶ
774 330 822 368 τὰ
846 327 958 369 τῶνδ’
983 329 1217 379 οἶκτίσματα

256 394 420 447 βλέψας
446 397 658 451 πεπανθῇς,
687 396 727 436 ἐς
752 393 884 445 πάλην
914 395 1144 435 καθίσταται

257 460 369 512 δορὸς
393 459 437 500 τὸ
462 464 634 513 πρᾶγμα·
672 461 724 512 μὴ
751 462 826 513 γὰρ
851 461 902 503 ὡς
925 459 1150 513 μεθήσομεν
1421 464 1482 497 160

257 525 372 582 δόξῃς
398 527 530 579 ἀγῶνα
555 527 658 568 τόνδ’
685 527 776 579 ἄτερ
800 530 1056 580 χαλυβδικοῦ.

257 594 297 633 τί
317 595 412 643 δῆτα
438 592 594 646 φήσεις,
623 597 717 634 ποῖα
741 593 844 634 πεδί’
870 594 1109 646 ἀφαιρεθείς,

257 659 296 700 τί
316 660 560 711 ῥυσιασθείς,
588 661 762 711 πόλεμον
787 659 980 713 Ἀργείοις
1005 660 1132 713 ἕχειν;

258 726 383 768 ποίοις
408 726 440 767 δ’
466 727 622 778 ἀμύνων
650 726 885 780 συμμάχοις,
912 728 1017 769 τίνος
1043 726 1075 767 δ’
1099 727 1197 778 ὕπερ

257 792 400 845 θάψεις
426 793 584 845 νεκροὺς
609 795 823 841 πεσόντας;
862 792 885 844 ἧ
912 792 1029 835 κακὸν
1052 793 1175 845 λόγον
1424 797 1481 834 165

258 858 383 916 κτήσῃ
409 860 504 912 πρὸς
529 861 675 908 ἀστῶν,
703 862 736 902 εἷ
762 860 944 914 γέροντος
969 861 1119 906 οὕνεκα,

256 926 420 977 τύμβου,
447 927 492 968 τὸ
516 930 637 978 μηδὲν
663 929 787 974 ὄντος,
816 927 866 969 ὡς
892 928 1015 968 εἰπεῖν
1041 927 1146 973 ἔπος,

258 994 408 1034 παίδων
434 991 511 1046 <τε>
536 994 662 1040 τῶνδ’,
693 996 731 1036 ἐς
755 993 902 1035 ἄντλον
927 992 1087 1049 ἐμβήσῃ
1114 993 1227 1033 πόδα.

316 1059 416 1109 ἐρεῖς
440 1061 483 1098 τὸ
507 1062 665 1112 λῷστον
691 1057 816 1099 ἐλπίδ’
844 1056 1027 1111 εὑρήσειν
1049 1058 1185 1109 μόνον.

259 1122 319 1162 καὶ
344 1125 457 1163 τοῦτο
483 1127 621 1178 πολλῷ
646 1127 713 1163 τοῦ
738 1124 930 1175 παρόντος
956 1122 1096 1166 ἐνδεές·
1422 1136 1483 1167 170

259 1193 382 1231 κακῶς
408 1191 482 1242 γὰρ
507 1189 752 1242 Ἀργείοισιν
776 1189 848 1230 οἵδ’
875 1190 1142 1247 ᾧπλισμένοις

256 1255 436 1308 μάχοιντ’
461 1256 509 1297 ἂν
531 1255 770 1307 ἡβήσαντες,
796 1257 833 1298 εἴ
852 1252 925 1308 (τι)
950 1258 1064 1297 τοῦτό
1089 1274 1136 1298 σε

256 1322 394 1376 ψυχὴν
420 1323 582 1374 ἐπαίρει·
620 1324 717 1376 χοὺν
740 1322 849 1378 μέσῳ
876 1323 1000 1365 πολὺς
1024 1324 1165 1377 χρόνος

256 1390 298 1430 ἐν
322 1387 351 1444 ᾧ
373 1389 633 1442 διεργασθεῖτ’
658 1389 717 1431 ἄν.
778 1389 868 1430 ἀλλ’
893 1391 978 1441 ἐμοὶ
1003 1393 1129 1430 πιθοῦ·

256 1455 345 1498 δοὺς
369 1455 502 1506 μηδέν,
530 1456 636 1496 ἀλλὰ
661 1456 748 1507 τᾶμ’
775 1457 849 1497 ε’ὣν
875 1456 985 1509 ἄγειν
1011 1458 1078 1508 ἐμὲ
1422 1470 1479 1501 175

258 1525 400 1573 κτῆσαι
425 1521 625 1573 Μυκήνας,
652 1523 738 1574 μηδ’
765 1524 858 1576 ὅπερ
886 1528 1039 1576 φιλεῖτε
1064 1526 1158 1576 δρᾶν

256 1587 383 1645 πάθῃς
409 1588 460 1630 σὺ
484 1593 610 1636 τοῦτο,
636 1589 727 1632 τοὺς
752 1590 958 1641 ἀμείνονας
982 1589 1109 1643 παρὸν

258 1656 400 1707 φίλους
426 1655 602 1703 ἑλέσθαι,
630 1657 719 1698 τοὺς
746 1658 927 1699 κακίονας
952 1656 1095 1714 λάβῃς.

154 1724 226 1762 Xo.
253 1722 312 1764 τίς
336 1721 384 1762 ἂν
410 1723 518 1773 δίκην
545 1724 707 1775 κρίνειεν
731 1719 754 1773 ἢ
779 1725 890 1776 γνοίη
915 1724 1051 1776 λόγον,

255 1789 345 1840 πρὶν
370 1788 418 1829 ἂν
444 1788 533 1841 παρ’
559 1790 708 1842 ἀμφοῖν
732 1793 856 1840 μῦθον
883 1789 1029 1846 ἐκμάθῃ
1056 1794 1214 1842 σαφῶς;
1418 1795 1475 1825 180

155 1857 206 1894 Io.
253 1854 576 1910 ἄναξ-ὑπάρχει
601 1858 673 1907 μὲν
697 1856 777 1897 τόδ’
804 1857 846 1898 ἐν
870 1862 917 1914 τῇ
943 1863 996 1914 σῇ
1019 1858 1194 1910 χθονί-

253 1919 377 1959 εἰπεῖν
402 1919 571 1960 ἀκοῦσαί
591 1919 624 1959 τ’
648 1921 691 1960 ἐν
714 1919 824 1972 μέρει
851 1919 1023 1972 πάρεστί
1043 1938 1121 1972 μοι,

199 2020 259 2050 159
284 2013 419 2049 ἐπανθῆς
437 2011 476 2050 P,
493 2021 578 2042 corr.
594 2016 619 2052 p
706 2011 850 2053 πάληνρ
866 2023 872 2042 :
897 2012 996 2044 πάλιν
1014 2012 1040 2042 L
1053 2011 1079 2042 P
1220 2013 1275 2042 161
1305 2011 1395 2052 δόξης
1413 2038 1418 2043 .
1439 2037 1445 2044 .
1464 2036 1471 2043 .

152 2057 335 2095 χαλυβικοῦ
353 2054 379 2084 L
392 2055 438 2087 P:
465 2065 550 2086 corr.
570 2054 700 2086 Barnes
818 2057 878 2094 163
904 2056 935 2086 τί
951 2055 1130 2097 ῥυσιασθείς
1150 2054 1348 2086 Kirchhoff:
1372 2069 1474 2098 τιρυν-

153 2099 228 2130 etms
246 2100 299 2140 θῇς
318 2097 383 2128 LP
508 2099 568 2137 165
592 2099 611 2136 ὴ
630 2099 656 2128 L
669 2099 695 2129 P
818 2100 878 2129 168
903 2112 938 2130 τε
956 2099 1030 2129 add.
1050 2099 1063 2127 l
1191 2100 1252 2138 169
1275 2105 1473 2138 suspectus:

151 2141 296 2172 sortasse
326 2140 427 2181 μόνην
628 2152 685 2181 171
727 2142 941 2182 ὡπλισμένοις
973 2142 1121 2172 Schenkl
1138 2153 1144 2171 :
1184 2142 1380 2182 ὡπλισμένοι
1410 2143 1434 2172 L
1449 2143 1474 2172 P

155 2194 215 2223 172
240 2185 465 2223 ἀνηβὴσαντες
483 2184 509 2214 L
522 2185 548 2216 P
655 2199 686 2217 τι
704 2186 779 2217 add.
799 2186 950 2224 Elmsley
1107 2195 1166 2224 173
1181 2184 1218 2226 χ’
1230 2187 1291 2217 ὡύν
1310 2185 1348 2215 L2'
1360 2185 1403 2217 P:
1423 2187 1472 2218 καὶ

153 2230 207 2259 οὖν
221 2227 376 2267 primitus
389 2227 415 2258 L
562 2238 619 2267 177
637 2229 749 2269 τοῦτο]
764 2229 845 2269 μηδὲ
860 2229 977 2260 Nauck
1124 2239 1183 2268 179
1207 2234 1280 2271 Χορ.
1303 2228 1451 2269 Elmsley
1466 2241 1471 2259 :

152 2277 234 2309 Δημ.
255 2271 281 2301 L
294 2270 320 2301 P
411 2272 543 2312 κρίνοιεν
561 2272 586 2302 L
600 2273 625 2302 P
641 2277 675 2302 et
693 2272 786 2303 Stob.
808 2274 858 2308 46.
881 2283 917 2303 2:
944 2272 1088 2303 correxit
1107 2271 1229 2303 Portus
1361 2272 1470 2312 yuoln]

151 2315 219 2352 δοίη
238 2314 331 2345 Stob.
373 2342 375 2345 ,
480 2313 535 2344 181
561 2312 636 2355 μὲν]
655 2314 717 2355 ’γὰρ
734 2313 963 2345 Wilamowitz

1284 2372 1339 2403 ιιῆζ
