1651 2780
648 90 994 128 ΕΥΡΙΠΙΔΟΥ

157 198 225 235 Αν.
253 196 369 245 οἴμοι,
397 195 538 246 πικρὰν
565 192 765 246 κλήρωσιν
790 195 944 246 αἵρεσίν
969 194 1012 235 τέ
1035 211 1102 245 μοι

254 262 346 312 βίου
371 261 571 312 καθίστης·
611 261 673 301 καὶ
697 260 881 315 λαχοῦσά
905 261 941 314 γ’
969 262 1089 302 ἀθλία
1424 266 1482 306 385

255 329 318 369 καὶ
343 328 394 379 μὴ
419 332 604 381 λαχοῦσα
628 328 824 382 δυστυχὴς
851 330 1101 380 καθίσταμαι.

321 394 350 436 ὦ
374 394 531 448 μεγάλα
555 394 749 448 πράσσων
774 397 900 438 αἰτίας
925 398 1063 448 μικρᾶς
1088 394 1189 447 πέρι,

253 465 378 503 πιθοῦ·
415 463 458 503 τί
479 463 624 505 καίνεις
648 462 705 513 μ’,·
746 463 832 503 ἀντὶ
855 466 941 510 τοῦ,·
980 463 1097 503 ποίαν
1123 462 1241 502 πόλιν

252 529 477 581 προύδωκα,·
515 530 601 570 τίνα
626 533 709 569 σῶν
735 529 899 570 ἔκτανον
925 530 1075 570 παίδων
1100 528 1197 582 ἐγώ,·

253 600 366 637 ποῖον
390 595 423 637 δ’
449 596 603 648 ἕπρησα
629 595 743 647 δῶμ’;
784 595 996 647 ἐκοιμήθην
1021 597 1094 650 βίᾳ
1419 607 1482 641 390

253 662 325 703 σὺν
351 663 599 704 δεσπόταισι·
640 662 720 716 κᾷτ’
747 662 819 714 ἔμ’,
848 664 891 704 οὐ
919 667 1048 704 κεῖνον
1074 665 1232 708 κτενεῖς,
1457 661 1460 664 ⁴

253 729 322 770 τὸν
346 731 471 771 αἴτιον
496 729 622 776 τῶνδ’,
652 731 758 770 ἀλλὰ
783 729 854 780 τὴν
880 730 1008 784 ἀρχὴν
1033 730 1150 782 ἀφεὶς

252 795 348 849 πρὸς
372 796 444 847 τὴν
469 795 656 847 τελευτὴν
681 795 853 849 ὑστέραν
880 796 1004 837 οὖσαν
1030 795 1152 852 φέρῃ,·

251 864 355 914 οἴμοι
381 867 507 904 κακῶν
532 863 657 909 τῶνδ’,
686 861 715 903 ὦ
741 862 894 904 τάλαιν’
921 863 992 915 ἐμὴ
1018 863 1170 914 πατρίς,

252 929 302 972 ὡς
328 931 434 971 δεινὰ
458 929 616 983 πάσχω.
689 931 729 970 τί
752 929 795 970 δέ
818 947 866 981 με
893 931 955 971 καὶ
979 933 1108 971 τεκεῖν
1134 930 1256 983 ἐχρῆν
1420 941 1481 974 395

251 996 374 1050 ἄχθος
398 996 432 1036 τ’
459 995 518 1037 ἐπ’
544 996 660 1050 ἄχθει
684 999 782 1051 τῷδε
807 996 1056 1049 προσθέσθαι
1081 999 1265 1043 διπλοῦν,·

250 1059 361 1116 [ἀτὰρ
386 1064 426 1104 τί
447 1067 567 1104 ταῦτα
592 1063 767 1116 δύρομαι,
795 1064 843 1104 τὰ
868 1063 900 1104 δ’
926 1064 969 1105 ἐν
993 1064 1115 1105 ποσὶν

251 1131 320 1172 οὐκ
345 1129 536 1182 ἐξικμάζω
564 1131 626 1172 καὶ
651 1130 862 1183 λογίζομαι
887 1129 1021 1183 κακά,·]

251 1197 334 1248 ἥτις
361 1199 524 1250 σφαγὰς
548 1199 620 1248 μὲν
639 1196 834 1250 ’Έκτορος
859 1196 1130 1251 τροχηλάτους

252 1268 429 1306 κατεῖδον
456 1266 617 1318 οἰκτρῶς
642 1264 674 1304 τ’
695 1263 823 1306 Ἴλιον
847 1265 1104 1317 πυρούμενον,
1419 1275 1483 1306 400

252 1331 346 1382 αὐτὴ
373 1334 413 1372 δὲ
439 1332 558 1382 δούλη
585 1335 678 1374 ναῦς
703 1332 763 1372 ἐπ’
790 1331 981 1384 Ἀργείων
1007 1331 1107 1383 ἔβην

251 1399 371 1449 κόμης
397 1398 694 1440 ἐπισπασθεῖσ’·
734 1400 819 1439 ἐπεὶ
845 1398 877 1439 δ’
904 1399 1104 1451 ἀφικόμην

251 1467 391 1511 Φθίαν,
421 1469 612 1517 φονεῦσιν
630 1464 824 1517 “Έκτορος
849 1466 1108 1518 νυμφεύομαι.

253 1534 293 1572 τί
316 1531 396 1582 δῆτ’
423 1532 508 1583 ἐμοὶ
537 1532 609 1582 ζῆν
632 1532 722 1582 ἡδύ;
763 1531 859 1584 πρὸς
884 1534 925 1572 τί
947 1532 1021 1585 χρὴ
1047 1530 1236 1582 βλέπειν,·

250 1598 346 1650 πρὸς
371 1600 440 1641 τὰς
465 1598 667 1651 παρούσας
692 1595 714 1648 ἢ
743 1599 1019 1651 παρελθούσας
1043 1599 1186 1650 τύχας;
1417 1609 1480 1639 405

252 1666 421 1719 εἷς-παῖς
446 1665 501 1706 ὅδ’
528 1665 574 1717 ἦν
599 1682 665 1717 μοι
690 1665 830 1708 λοιπὸς
856 1664 1066 1718 ὀφθαλμὸς
1090 1665 1196 1715 βίου·

251 1736 388 1773 τοῦτον
414 1735 563 1774 κτενεῖν
587 1732 809 1784 μέλλουσιν
834 1732 892 1774 οἶς
917 1735 1026 1772 δοκεῖ
1047 1730 1152 1771 τάδε.

251 1799 296 1839 οὐ
321 1802 417 1851 δῆτα
441 1800 584 1851 τούμοῦ
609 1799 645 1851 γ’
674 1798 787 1840 εἵνεκ’
815 1800 955 1839 ἀθλίου
978 1800 1085 1850 βίου·

253 1868 294 1907 ἐν
320 1869 416 1921 τῷδε
440 1869 512 1917 μὲν
536 1868 611 1919 γὰρ
637 1867 763 1912 ἐλπίς,
793 1868 825 1907 εἰ
852 1864 1089 1916 σωθήσεται,

252 1933 338 1984 ἐμοὶ
363 1933 395 1973 δ’
421 1935 570 1976 ὄνειδος
596 1933 647 1985 μὴ
675 1936 807 1974 θανεῖν
832 1934 928 1984 ὑπὲρ
954 1932 1104 1972 τέκνου.
1415 1944 1479 1974 410

194 2026 257 2065 384
287 2026 330 2067 γέ
351 2040 403 2066 μοι
429 2026 461 2056 Μ
597 2027 660 2065 385
693 2024 759 2066 καὶ]
788 2026 816 2057 εἷ
844 2024 1027 2055 Kirchhoff
1110 2023 1158 2064 γ’]
1188 2023 1217 2054 τ’
1245 2022 1422 2054 Hermann
1447 2028 1480 2053 et

151 2069 292 2100 sortasse
306 2074 329 2103 Σ
419 2069 479 2101 Vv.
497 2079 572 2108 397,
587 2070 651 2109 398
665 2074 697 2100 et
711 2080 785 2108 404.
803 2078 865 2106 405
885 2067 1029 2098 invicem
1047 2067 1256 2106 transposuit
1274 2067 1455 2105 Musgrave
1473 2078 1480 2097 ε

151 2123 203 2144 vv.
224 2114 376 2152 406-410
397 2118 476 2144 ante
497 2123 562 2153 399
581 2113 697 2143 Hirzel
716 2124 723 2143 :
755 2123 805 2142 vv.
827 2121 978 2150 399-405
1002 2111 1140 2141 seclusit
1164 2110 1291 2149 Bruhn,
1318 2110 1481 2149 Hartung

152 2167 201 2187 vv.
229 2158 380 2196 397-398
565 2167 627 2196 397
663 2156 754 2188 ταῦτ’
784 2155 931 2196 ὀδύρωμαι
960 2155 1057 2185 codd.
1090 2155 1129 2184 et·
1151 2159 1199 2187 Σ;
1235 2164 1318 2185 corr.
1349 2153 1479 2184 Porson

152 2201 216 2239 398
248 2200 401 2241 ἐξικμάζω
426 2201 522 2231 codd.
551 2205 585 2230 et
609 2205 651 2233 Σῑ
685 2197 844 2240 ἐξιχμάζω
870 2198 1101 2229 Ruthersord:
1137 2197 1317 2238 ἐκλίκμαζω
1343 2197 1482 2237 Madvig

153 2253 217 2283 399
241 2244 449 2285 τροχηλάτου
464 2243 497 2274 Μ
510 2243 540 2274 O
554 2245 639 2282 (non
654 2242 694 2283 B)
787 2251 851 2280 402
876 2242 1110 2274 ἀποσπασθεῖσ’
1125 2241 1150 2271 L
1163 2241 1188 2271 P
1278 2241 1343 2280 406
1365 2242 1480 2273 λοιπὸν

347 2298 408 2326 407
446 2290 569 2319 κτενεῖν
598 2287 645 2317 P:
680 2288 808 2319 κτανεῖν
837 2285 908 2316 rell.
1075 2285 1138 2324 408
1173 2285 1265 2319 εἵνεκ’
1294 2285 1342 2319 Pa
1377 2284 1479 2319 οὕνεκ’

154 2331 225 2361 rell.
