1651 2780
645 107 991 146 ΕΥΡΙΠΙΔΟΥ

176 234 231 238 ——
455 208 572 259 μόνος
597 209 628 249 δ’
654 209 714 256 ἄν,
742 211 775 250 εἰ
800 214 885 263 φῶς
909 210 987 252 τόδ’
1014 209 1062 262 ἦν
1324 208 1424 265 [ἀντ.
1448 216 1479 264 β

454 276 627 326 ὄμμασιν
653 278 842 328 δεδορκὼς

454 343 608 393 Φοίβου
632 347 735 389 παῖς,
763 343 998 395 προλιποῦσ’

453 406 575 457 ἦλθεν
599 409 713 461 ἕδρας
738 411 918 453 σκοτίους
1422 425 1480 455 1²5

513 473 632 516 θἈιδα
656 494 697 517 τε
722 477 861 519 mnas·

585 542 801 593 δμαθέντας
826 546 901 596 γὰρ
926 545 1082 596 ἀνίστη,

453 609 544 661 πρὶν
569 608 686 650 αὐτὸν
712 610 794 651 εἷλε
816 611 1006 662 διόβολον

452 678 650 728 πλῆκτρον
675 676 794 729 πυρὸς
820 678 1031 729 κεραυνίου.

519 746 587 784 νῦν
612 745 653 784 δὲ
678 743 750 784 τίν’
775 743 830 784 ἔτι
855 745 948 795 βίου
1421 757 1481 788 130

586 810 729 851 ἐλπίδα
754 811 1054 864 προσδέχωμαι;

175 945 230 951 -—
254 917 382 959 πάντα
407 921 481 972 γὰρ
506 920 578 972 ἤδη
604 921 836 963 τετέλεσται
861 926 1094 973 βασιλεῦσι,

318 985 477 1027 πάντων
503 989 543 1028 δὲ
570 990 668 1028 θεῶν
694 989 757 1030 ἐπὶ
782 993 935 1040 βωμοῖς

253 1052 505 1105 αἱμόρραντοι
531 1055 663 1095 θυσίαι
688 1054 862 1108 πλήρεις·

318 1119 397 1159 οὐδ’
423 1120 510 1161 ἔστι
536 1125 665 1162 κακῶν
690 1121 782 1164 ἄκος
807 1122 931 1163 οὐδέν.
1422 1136 1481 1167 135

151 1238 223 1276 Xo.
251 1234 342 1276 ἀλλ’
368 1234 427 1286 ἥδ’
452 1237 609 1278 ὀπαδῶν
635 1239 676 1278 ἐκ
703 1239 832 1289 δόμων
856 1255 915 1280 τις
940 1239 1098 1292 ἔρχεται

253 1305 558 1354 δακρυρροοῦσα,
586 1305 674 1345 τίνα
710 1306 834 1358 τύχην
859 1305 1096 1355 ἀκούσομαι;

252 1371 409 1410 πενθεῖν
433 1369 518 1420 μέν,
547 1372 583 1411 εἴ
605 1388 641 1411 τι
666 1372 903 1412 δεσπόταισι
926 1371 1126 1424 τυγχάνει,

254 1437 527 1488 συγγνωστόν·
567 1439 599 1478 εἰ
625 1437 657 1478 δ’
683 1437 736 1478 ἔτ’
763 1438 872 1478 ἐστὶν
897 1438 1078 1491 ἔμψυχος
1102 1437 1200 1490 γυνὴ

252 1502 320 1543 εἴτ’
346 1503 415 1544 οὖν
440 1505 594 1545 ὄλωλεν
620 1504 764 1546 εἰδέναι
789 1504 1018 1555 βουλοίμεθ’
1043 1504 1103 1546 ἄν.
1419 1519 1480 1551 140

152 1586 457 1616 OEPAHAINA

252 1646 314 1686 καὶ
342 1646 471 1696 ζῶσαν
498 1648 622 1689 εἰπεῖν
649 1649 711 1689 καὶ
737 1650 937 1689 θανοῦσαν
963 1649 1051 1689 ἔστι
1077 1666 1154 1689 σοι.

151 1715 224 1752 Χο.
253 1713 315 1753 καὶ
340 1716 421 1754 πῶς
446 1713 494 1753 ἂν
519 1714 633 1756 αὑτὸς
661 1714 847 1755 κατθάνοι
871 1732 913 1755 τε
940 1716 1001 1756 καὶ
1025 1714 1193 1766 βλέποι,·

151 1782 222 1819 Θε.
250 1778 321 1829 ἤδη
348 1779 558 1831 προνωπής
585 1782 671 1821 ἐστι
698 1782 760 1822 καὶ
784 1785 1046 1834 ψυχορραγεῖ.

151 1848 222 1885 Χο.
250 1843 279 1885 ὦ
304 1848 467 1897 τλῆμον,
496 1848 579 1889 οἵας
605 1849 686 1889 οἶος
712 1847 766 1888 ὢν
790 1848 1037 1901 ἁμαρτάνεις.

151 1915 222 1952 Θε.
250 1913 356 1953 οὔπω
381 1913 461 1953 τόδ’
486 1913 567 1955 οἶδε
593 1916 800 1965 δεσπότης,
828 1916 919 1968 πρὶν
945 1915 993 1956 ἂν
1018 1915 1136 1971 πάθῃ.
1419 1929 1477 1958 145

196 2014 255 2034 122
278 2004 391 2045 μόνος]
409 2005 529 2045 μοι’ννως
543 2006 735 2037 Wakefield
858 2017 918 2046 124
943 2009 1106 2049 προλιπὼν
1123 2007 1153 2038 Ο
1167 2007 1197 2037 D
1320 2016 1380 2044 125
1406 2018 1478 2038 σκο-

148 2047 259 2080 τίας-ν
357 2059 416 2087 129
440 2052 605 2091 πλᾶκτρον
616 2051 628 2079 l
639 2051 664 2080 P
761 2061 821 2090 130
844 2051 904 2082 τίν’
919 2051 965 2082 ἔτι
976 2051 1048 2087 βίου
1059 2051 1107 2081 V:
1124 2050 1183 2082 τιν’
1198 2050 1248 2082 ἐπὶ
1262 2049 1334 2086 βίου
1348 2049 1413 2080 ΒΟ
1427 2050 1454 2079 D
1470 2059 1477 2079 :

148 2091 222 2123 τίνα
238 2091 309 2128 βίου
327 2092 352 2122 L
366 2092 391 2122 P
408 2104 414 2122 :
438 2093 511 2129 βίου
527 2093 589 2125 τίν’
603 2094 649 2125 ἔτ’
665 2093 825 2133 Hartung
939 2104 994 2133 131
1021 2093 1239 2135 προσδέχομαι
1259 2093 1371 2130 codd.,
1388 2103 1472 2124 corr.

150 2133 330 2173 Musgrave
423 2146 482 2174 132
506 2136 701 2169 τετέλεσται
719 2139 891 2174 βασιλεῦσι
907 2138 973 2175 (vel
993 2136 1075 2178 -o-w)
1090 2137 1186 2168 codd.
1203 2141 1237 2166 et
1250 2141 1292 2169 Σε
1319 2141 1478 2175 suspecta

152 2187 211 2216 135
236 2179 300 2210 οὐδ’
320 2178 405 2209 LP:
430 2180 506 2211 ἀλλ’
525 2181 588 2212 οὐδ’
606 2180 684 2211 VB.
733 2180 781 2210 Cf.
799 2191 827 2211 v.
848 2186 1049 2219 sequentem
1171 2181 1232 2219 136
1256 2185 1345 2212 XOP.
1372 2179 1476 2219 praes.

147 2221 177 2250 V
193 2232 200 2251 ε
224 2222 299 2253 ὅλος
313 2221 436 2263 ὁχόρος
450 2223 541 2262 λέγει
555 2226 659 2255 ταῦτα
672 2228 695 2257 Σ
708 2223 735 2253 Β
750 2234 756 2260 ;
783 2223 866 2253 falso
947 2222 1088 2264 ὀπαδῶν]
1103 2223 1219 2255 ὀπαδὸς
1234 2223 1260 2253 L
1354 2233 1414 2261 140
1439 2224 1477 2256 ἄν

148 2265 214 2296 LB
232 2277 238 2296 x
262 2276 325 2295 om.
345 2266 374 2295 V
388 2267 412 2296 P
548 2276 607 2307 142
633 2267 726 2299 αὐτὸς
748 2268 856 2306 codd„
877 2277 961 2297 corr,
981 2267 1105 2298 Aldina
1240 2279 1300 2310 145
1324 2269 1406 2309 πάθη
1425 2270 1473 2301 P:

146 2309 237 2341 πάθοι
256 2309 282 2340 L
293 2309 323 2340 V
336 2309 364 2339 B
