1651 2780
652 95 997 133 ΕΥΡΙΠΙΔΟΥ

258 196 278 237 ὃ
304 197 335 238 δ’
361 198 404 239 οὐ
431 197 559 239 θέλων
584 215 626 240 τε
653 198 714 239 καὶ
741 197 869 240 θέλων
896 201 1011 254 οἴκτῳ
1039 200 1165 251 κόρης,

255 264 388 315 τέμνει
415 264 563 320 σιδήρῳ
590 265 811 318 πνεύματος
836 266 1028 319 διαρροάς·

259 332 410 383 κρουνοὶ
435 331 468 372 δ’
494 333 682 385 ἐχώρουν.
743 332 766 383 ἢ
792 336 834 375 δὲ
861 335 922 374 καὶ
949 333 1162 390 θνῄσκουσ’
1187 335 1292 385 ὅμως

257 398 413 449 πολλὴν
438 399 627 451 πρόνοιαν
653 399 761 454 εῖχεν
788 399 1000 454 εὐσχήμων
1025 404 1177 448 πεσεῖν,

257 465 466 515 κρύπτουσ’
491 466 517 506 ἃ
542 466 725 519 κρύπτειν
751 467 892 518 ὄμματ’
917 467 1096 519 ἀρσένων
1120 467 1262 520 χρεών.
1424 480 1487 511 570

256 533 341 573 ἐπεὶ
366 532 398 572 δ’
423 533 553 584 ἀφῆκε
577 537 732 585 πνεῦμα
757 535 962 588 θανασίμῳ
989 539 1143 591 σφαγῇ,

257 598 382 641 οὐδεὶς
407 599 473 639 τὸν
498 599 616 640 αὐτὸν
644 600 753 654 εἶχεν
778 600 969 653 Ἀργείων
993 601 1127 642 πόνον·

255 665 346 706 ἀλλ’
372 666 407 707 οἳ
431 668 503 717 μὲν
528 667 657 708 αὐτῶν
683 668 753 718 τὴν
778 670 979 709 θανοῦσαν
1003 669 1045 708 ἐκ
1069 671 1198 721 χερῶν

257 733 429 785 φύλλοις
455 733 648 784 ἔβαλλον,
676 735 712 775 οἳ
738 737 779 775 δὲ
804 739 1025 787 πληροῦσιν
1050 736 1176 788 πυρᾶν

258 799 421 852 κορμοὺς
448 799 638 852 φέροντες
663 803 880 848 πευκίνους,
908 803 928 841 ὁ
953 801 984 842 δ’
1010 801 1054 842 οὐ
1079 801 1214 855 φέρων
1425 814 1487 846 575

257 866 352 918 πρὸς
376 870 444 906 τοῦ
472 867 665 919 φέροντος
690 868 811 908 τοιάδ’
838 868 976 919 ἤκουεν
1003 868 1113 910 κακά·

250 931 467 984 ΓΈστηκας,
494 932 523 974 ῶ
552 934 724 981 κάκιστε,
751 941 799 992 τῇ
823 935 970 976 νεάνιδι

258 1001 302 1041 οὐ
327 999 483 1041 πέπλον
509 1000 596 1041 οὐδὲ
623 999 772 1052 κόσμον
799 1003 840 1042 ἐν
864 1006 999 1055 χεροῖν
1024 1002 1148 1055 ἕχων;

257 1068 325 1108 οὐκ
352 1067 390 1108 εῖ
409 1085 446 1108 τι
472 1067 612 1109 δώσων
636 1074 684 1125 τῇ
710 1068 871 1120 περίσσ’
897 1068 1085 1124 εὐκαρδίῳ

256 1133 394 1188 ψυχήν
419 1133 451 1174 τ’
477 1135 639 1191 ἀρίστῃ;
677 1134 798 1175 τοιάδ’
824 1135 925 1187 ἀμφὶ
951 1138 1024 1186 σῆς
1047 1136 1179 1188 λέγων
1425 1140 1489 1179 580

257 1201 394 1243 παιδὸς
420 1202 629 1252 θανούσης,
658 1202 948 1253 εὐτεκνωτάτην
970 1202 1014 1243 τέ
1038 1219 1087 1243 σε

258 1272 396 1309 πασῶν
422 1273 618 1321 γυναικῶν
643 1269 967 1322 δυστυχεστάτην
993 1269 1027 1309 θ’
1052 1270 1141 1322 ὁρῶ.

158 1338 230 1375 Xo.
257 1336 385 1376 δεινόν
410 1353 447 1376 τι
472 1338 583 1387 πῆμα
609 1337 846 1389 Πριαμίδαις
870 1335 1058 1386 ἐπέζεσεν

256 1402 371 1443 πόλει
396 1420 438 1444 τε
463 1402 566 1460 τήμῇ
593 1406 691 1444 θεῶν
716 1403 953 1456 ἀνάγκαισιν
977 1404 1078 1444 τόδε.

160 1471 228 1509 Εκ.
254 1467 283 1509 ῶ
309 1469 489 1522 θύγατερ,
516 1470 584 1510 οὐκ
610 1469 683 1509 οἶδ’
711 1472 764 1512 εἰς
789 1471 810 1510 ὅ
835 1487 871 1511 τι
896 1470 1045 1523 βλέψω
1071 1474 1212 1516 κακῶν,
1425 1474 1487 1512 585

256 1540 418 1576 πολλῶν
444 1537 663 1588 παρόντων·
700 1534 750 1587 ἢν
774 1539 849 1589 γὰρ
873 1536 1041 1590 ἅψωμαί
1062 1554 1179 1584 τινος,

256 1602 336 1642 τόδ’
362 1602 430 1643 οὐκ
458 1603 503 1658 ἐᾷ
526 1620 586 1653 με,
615 1607 840 1655 παρακαλεῖ
862 1603 895 1644 δ’
921 1606 1069 1645 ἐκεῖθεν
1095 1604 1142 1645 αὖ

256 1669 360 1719 λύπη
386 1686 444 1712 τις
472 1669 575 1720 ἄλλη
605 1669 790 1723 διάδοχος
817 1674 943 1711 κακῶν
969 1674 1112 1712 κακοῖς.

259 1736 320 1776 καὶ
345 1740 415 1777 νῦν
440 1736 485 1777 τὸ
509 1739 583 1788 μὲν
609 1736 683 1777 σὸν
709 1737 813 1778 ὥστε
837 1737 888 1788 μὴ
915 1736 1069 1778 στένειν
1095 1735 1219 1779 πάθος

201 1830 265 1867 566
289 1831 322 1861 οὐ
353 1828 453 1862 θέλων
480 1830 531 1862 καὶ
559 1831 603 1870 μὴ
631 1830 732 1863 θέλων
758 1830 880 1861 lemma
911 1830 1005 1864 EM:
1037 1829 1091 1862 οὖν
1119 1833 1146 1861 θ.
1164 1843 1200 1861 τε
1227 1831 1283 1862 κού
1310 1833 1336 1861 θ.
1356 1828 1490 1868 Kayser

158 1874 221 1911 568
253 1872 441 1915 θνῄσκουσἼ
466 1874 620 1905 πίπτουσ’
647 1885 678 1905 v.
709 1874 728 1904 l.
761 1885 812 1913 ap.
846 1873 1100 1913 Hermogenem
1127 1872 1240 1911 (Walz
1268 1872 1315 1910 iii,
1344 1883 1376 1912 p.
1410 1872 1488 1911 181)

158 1917 222 1955 569
247 1916 420 1957 εὐσχήμων
438 1916 567 1947 Plinius
586 1917 692 1955 Epist.
708 1918 750 1948 iv.
770 1928 803 1947 11
822 1917 876 1953 (cf.
897 1917 974 1956 Pap.
997 1917 1180 1947 Herculan.
1196 1917 1235 1946 81
1250 1916 1370 1956 μήποτ’
1385 1916 1490 1956 ἀσχή-

157 1960 238 1999 μων)
257 1970 262 1990 z
293 1959 463 2000 εὐσχήμως
480 1960 552 1990 ΑΒ
566 1960 591 1990 L
607 1961 632 1991 P
650 1971 724 1991 cum
745 1961 977 2000 Hermogene.
1000 1960 1138 1991 Lucian.
1160 1959 1337 1990 Demosth.
1359 1969 1489 1989 encom.

159 2013 212 2040 47,
230 2003 349 2034 Galen.
369 2004 461 2034 xviii.
481 2015 510 2035 2.
528 2004 547 2033 8
564 2016 570 2034 :
592 2004 799 2045 εὐσχημόνως
812 2004 884 2035 VO
899 2015 972 2034 cum
990 2004 1165 2034 Clemente
1184 2003 1306 2034 strom.
1328 2002 1363 2039 ii,
1378 2012 1409 2041 p.
1432 2003 1490 2032 182

162 2049 210 2086 (et
229 2047 302 2078 cod.
318 2057 386 2077 uno
402 2047 645 2086 Hermogenis)
670 2061 676 2078 :
703 2049 846 2088 εὐσήμως
862 2048 894 2078 Μ
986 2058 1049 2086 570
1073 2047 1244 2089 κρύπτουσ’
1259 2046 1285 2076 Ρ
1297 2059 1348 2088 γρ.
1370 2045 1397 2075 Β
1409 2045 1439 2076 O
1453 2045 1488 2085 F,

160 2100 234 2120 cum
252 2090 359 2121 Clem.
376 2090 542 2131 Hermog.
563 2092 715 2123 Eustath.
736 2092 790 2131 (Il.
809 2103 842 2131 p.
857 2093 954 2130 2163:
981 2090 1165 2132 κρύπτουσᾶ
1182 2091 1207 2122 θ’
1221 2089 1253 2120 Α
1267 2096 1300 2120 et
1318 2098 1485 2129 suprascr.

161 2133 208 2163 B:
233 2134 381 2175 κρύπτειν
399 2135 424 2165 θ’
443 2135 515 2166 rell.
607 2135 726 2177 χρεών]
748 2137 847 2177 ἐχρῆν
864 2135 1023 2166 Clemens
1156 2144 1218 2173 574
1244 2134 1271 2165 δ’
1290 2135 1491 2174 ἐπληροῦσαν

161 2177 236 2213 (εἰς’)
264 2178 493 2210 Choerobosc.
524 2180 558 2218 ii,
585 2190 616 2219 p.
644 2189 706 2219 537
875 2179 939 2217 578
970 2178 1114 2210 πέταλον
1138 2177 1211 2209 οὐδὲ
1236 2178 1352 2218 κορμὸν
1377 2175 1491 2215 Bergk

161 2221 225 2258 580
249 2222 355 2263 λέγων
380 2223 411 2254 Μ
429 2224 456 2253 Β
469 2223 510 2252 V²
522 2228 545 2256 Σ
563 2234 569 2252 ;
593 2223 693 2263 λέγον
718 2221 764 2252 M²
778 2220 820 2252 13²
836 2222 907 2253 rell.
926 2221 1058 2262 (ἔλεγον
1076 2222 1155 2262 ἀμφὶ
1179 2223 1238 2258 σῆς
1261 2220 1393 2251 Censor
1410 2219 1492 2250 Por-

161 2265 250 2294 soni*¹
268 2278 273 2297 :
300 2266 388 2307 λέγω
408 2266 522 2297 Heath
658 2267 718 2304 581
746 2265 970 2306 εὐγον’ωτάτην
988 2265 1014 2294 Ρ
1104 2264 1142 2296 τέ
1160 2264 1310 2294 Reiske:
1337 2262 1374 2295 δέ
1389 2263 1486 2293 codd.

161 2309 225 2346 582
257 2309 282 2340 θ’
308 2320 372 2340 om.
403 2309 582 2348 Byzantini
607 2314 641 2340 et
664 2308 894 2340 Choerobosc.
922 2308 956 2346 ii,
982 2318 1013 2347 p.
1041 2318 1101 2346 551
1223 2307 1286 2346 584
1318 2307 1492 2347 ἀναγκαῖον

163 2352 260 2384 codd.
281 2358 315 2383 et
331 2356 355 2386 Σ
375 2364 382 2383 2
407 2362 493 2385 corr.
513 2352 732 2384 Herwerden
866 2352 927 2389 587
948 2353 986 2392 ἐᾷ
1001 2351 1056 2391 με]
1076 2354 1173 2390 ἐῶμαι
1191 2350 1291 2382 Earle
