1651 2780
622 107 1033 149 PRAEFATIO

167 229 257 262 tam
290 236 398 263 saec.
430 222 491 262 xii
528 221 637 274 (cod.
668 222 803 261 Marc.
832 219 1082 273 CCCCCVII),
1112 231 1243 271 quam
1277 230 1412 271 nuper
1442 216 1485 257 in

166 291 271 332 actis
304 292 398 332 Soc.
430 292 548 344 Lips.
580 290 644 331 VI
678 290 902 342 descripsit
936 290 1044 329 Otto
1080 288 1242 337 Hense,
1273 287 1339 327 bis
1370 292 1486 326 terve

167 360 208 400 in
240 360 537 400 testimonium
570 359 733 399 vocavi.
796 358 1030 398 Lubricum
1065 357 1184 397 illum
1218 361 1390 404 testem,
1412 353 1486 408 qui

170 427 388 470 Christum
426 428 670 468 Patientem
706 434 930 467 centonem
968 438 1025 464 ex
1067 424 1241 465 divolsis
1283 423 1487 464 membris

164 497 425 550 tragicorum
466 496 732 537 Graecorum
769 494 1024 548 composuit,
1059 508 1154 534 raro
1191 491 1370 533 adhibui
1408 490 1486 531 nisi

165 565 207 606 in
246 566 426 606 Bacchis
467 572 510 605 et
550 564 811 604 Troiadibus
843 561 916 617 (de
957 563 1113 615 quibus
1155 562 1195 601 in
1237 561 1322 601 alio
1364 567 1487 600 tomo

164 631 426 689 dicendum).
489 634 605 673 Nam
632 632 710 672 nisi
743 646 884 672 mores
911 632 998 672 eius
1026 639 1068 671 et
1102 630 1320 684 ingenium
1352 629 1487 683 probe

164 703 346 752 noveris,
371 702 466 754 plus
500 702 569 741 ille
601 701 695 741 falsi
727 701 806 742 tibi
837 699 1000 740 adseret
1032 713 1163 752 quarn
1195 699 1296 746 veri,
1325 698 1486 751 quippe

164 771 236 822 qui
255 784 339 810 non
357 770 495 810 solum
516 770 646 822 pedes
663 768 950 821 trisyllabicos
968 769 1113 816 evitet,
1130 781 1275 807 versus
1291 780 1484 819 paroxy-

162 844 265 878 tone
301 844 418 878 amet
454 838 696 884 terminare,
732 851 871 877 crases
907 836 1187 888 elisionesque
1228 835 1485 881 reformidet,

162 906 237 946 sed
267 906 399 947 etiam
428 905 640 946 vocabula
668 905 805 945 multa
833 912 880 944 ut
910 905 1057 956 ignota
1086 911 1160 944 aut
1189 903 1385 944 obsoleta
1410 909 1485 943 aut

161 972 348 1025 denique
380 973 610 1025 impia—e.
625 986 664 1025 g.
695 986 746 1013 ea
777 985 888 1025 quae
919 986 1018 1012 cum
1050 985 1155 1013 voce
1186 972 1334 1022 δαίμων
1367 984 1483 1012 com-

161 1042 304 1093 posita
333 1047 517 1081 sunt—a
548 1041 738 1080 carmine
771 1054 848 1080 suo
881 1039 1058 1080 exulare
1089 1046 1228 1093 cogat,
1262 1040 1485 1092 multaque

160 1109 244 1149 alia
266 1110 322 1150 ob
345 1122 495 1150 causas
517 1122 624 1161 quas
646 1109 848 1161 equidem
866 1122 995 1161 saepe
1016 1122 1100 1149 non
1123 1108 1326 1162 intellego
1348 1114 1485 1149 mutet

160 1177 403 1230 turbetque.

220 1245 401 1287 Codices
452 1247 526 1299 qui
576 1244 860 1299 ‘Byzantini’
910 1251 1117 1287 vocantur
1166 1246 1241 1285 vix
1296 1259 1484 1299 unquam

162 1315 356 1367 respexi:
394 1315 707 1365 derivati-sunt
738 1307 897 1354 isti'ex
929 1314 1097 1368 sylloge
1131 1315 1322 1366 quadam
1353 1313 1483 1354 trium

161 1382 416 1433 fabularum,
449 1382 561 1423 Hec.
593 1381 668 1423 Or.
700 1382 873 1430 Phoen.,
904 1396 1034 1435 quam
1067 1381 1249 1422 confecit
1282 1382 1484 1435 magister

161 1451 401 1503 nescioquis
442 1450 599 1490 saeculi
644 1450 730 1499 xiv,
765 1450 1011 1503 aequalium
1054 1451 1200 1490 usibus
1239 1463 1482 1491 accommo-

159 1520 307 1559 datam
349 1526 391 1559 et
432 1518 753 1558 commentariis
793 1526 965 1559 auctam
1002 1518 1159 1570 amplis
1195 1525 1236 1558 et
1274 1517 1480 1559 futilibus

161 1587 304 1627 Huius
355 1587 520 1640 generis
571 1587 740 1627 codices
787 1587 998 1627 innumeri
1048 1587 1249 1627 dicuntur
1300 1601 1389 1627 esse
1440 1587 1481 1627 in

161 1655 364 1707 Europa3
407 1655 450 1694 in
486 1655 650 1708 Anglia
692 1655 853 1695 invenit
891 1655 1044 1708 viginti
1087 1654 1252 1696 Paleius
1289 1655 1390 1710 (vol.
1426 1656 1481 1708 iii,

159 1722 325 1776 Praefi).
415 1723 624 1776 Optimus
677 1723 848 1763 videtur
897 1736 988 1763 esse
1041 1723 1406 1777 Guelferbytanus
1457 1739 1481 1765 a

160 1791 390 1832 Dindorfio
422 1791 463 1831 in
497 1792 688 1832 editione
719 1792 979 1832 scholiorum
1012 1791 1112 1845 (vol.
1136 1792 1162 1841 i,
1186 1806 1256 1846 pp.
1279 1807 1339 1832 xv
1367 1792 1481 1849 sqq.)

157 1859 407 1911 descriptus,
429 1860 597 1900 duobus
625 1861 946 1900 commentariis
979 1860 1222 1911 instructus,
1245 1875 1330 1901 uno
1362 1862 1480 1903 Mos-

157 1926 329 1980 chopuli
365 1942 506 1980 opere,
539 1928 673 1970 altero
704 1929 902 1970 Thomae
934 1929 1146 1982 Magistri.
1211 1930 1260 1969 In
1294 1944 1478 1984 quorum

157 1996 317 2036 acervis
350 1996 464 2037 haud
501 1997 588 2038 seio
622 2011 677 2038 an
711 1998 849 2037 adhuc
887 1998 939 2038 sit
976 1998 1111 2038 latens
1144 1999 1307 2052 aliquid
1341 2000 1478 2040 bonae

157 2063 299 2118 frugis,
323 2065 508 2105 multum
532 2073 648 2106 certe
670 2080 755 2106 non
777 2073 851 2106 est.

215 2132 528 2174 Collationibus
565 2135 761 2175 codicum
800 2149 899 2175 usus
935 2150 1029 2176 sum
1063 2137 1204 2188 primo
1240 2137 1475 2179 Kirchhos-

157 2200 302 2242 fianis:
343 2215 414 2241 eas
446 2202 487 2241 in
520 2201 675 2242 fabulis
706 2217 816 2255 quae
847 2218 903 2243 ex
935 2203 1022 2243 LP
1052 2205 1243 2257 pendent
1274 2207 1476 2247 omnibus

156 2275 326 2321 praeter
350 2270 582 2311 Herculem
604 2277 647 2311 et
671 2271 885 2312 Helenam
910 2286 966 2312 ex
983 2272 1206 2314 Analectis
1221 2274 1478 2327 Em'ipz'a'ezk

154 2337 477 2378 Wilamowitzii
495 2340 661 2380 correxi
681 2354 690 2390 3
713 2340 755 2380 in
775 2340 963 2381 Hercule
979 2355 1034 2381 ex
1049 2341 1242 2381 eiusdem
1259 2343 1447 2383 editione
1466 2358 1475 2394 ;

154 2406 195 2446 in
214 2406 383 2448 Helena
399 2421 456 2447 ex
478 2408 666 2449 editione
686 2408 727 2448 H
735 2409 980 2458 erwerdeni‚
993 2409 1157 2450 Vitellii
1174 2409 1474 2453 collationibus

783 2491 854 2517 vni
