<?xml version="1.0" encoding="UTF-8"?>
<!DOCTYPE html PUBLIC "-//W3C//DTD XHTML 1.0 Transitional//EN"
    "http://www.w3.org/TR/xhtml1/DTD/xhtml1-transitional.dtd">
<html xmlns="http://www.w3.org/1999/xhtml" xml:lang="en" lang="en">
 <head>
  <title>
</title>
<meta http-equiv="Content-Type" content="text/html;charset=utf-8" />
  <meta name='ocr-system' content='tesseract 3.04.00' />
  <meta name='ocr-capabilities' content='ocr_page ocr_carea ocr_par ocr_line ocrx_word'/>
</head>
<body>
  <div class='ocr_page' id='page_1' title='image "./euripidisfabulae01euriuoft_0140.png"; bbox 0 0 1651 2780; ppageno 0'>
   <div class='ocr_carea' id='block_1_1' title="bbox 627 119 979 158">
    <p class='ocr_par' dir='ltr' id='par_1_1' title="bbox 627 119 979 158">
     <span class='ocr_line' id='line_1_1' title="bbox 627 119 979 158; baseline 0.006 -2"><span class='ocrx_word' id='word_1_1' title='bbox 627 119 979 158; x_wconf 63' lang='grc' dir='ltr'>ΕΥΡΙΠΙΔΟΥ</span> 
     </span>
    </p>
   </div>
   <div class='ocr_carea' id='block_1_2' title="bbox 130 219 1465 1680">
    <p class='ocr_par' dir='ltr' id='par_1_2' title="bbox 130 219 1465 1680">
     <span class='ocr_line' id='line_1_2' title="bbox 232 219 1463 277; baseline 0.005 -15"><span class='ocrx_word' id='word_1_2' title='bbox 232 219 419 271; x_wconf 81' lang='grc' dir='ltr'>ἐξέλθετ’,</span> <span class='ocrx_word' id='word_1_3' title='bbox 446 222 690 265; x_wconf 84' lang='grc' dir='ltr'>ἀσπάσασθε</span> <span class='ocrx_word' id='word_1_4' title='bbox 715 225 778 265; x_wconf 88' lang='grc' dir='ltr'>καὶ</span> <span class='ocrx_word' id='word_1_5' title='bbox 804 226 1045 277; x_wconf 78' lang='grc' dir='ltr'>προσείπατε</span> <span class='ocrx_word' id='word_1_6' title='bbox 1401 235 1463 274; x_wconf 83' lang='grc'>895</span> 
     </span>
     <span class='ocr_line' id='line_1_3' title="bbox 232 289 1124 346; baseline 0.006 -17"><span class='ocrx_word' id='word_1_7' title='bbox 232 289 382 341; x_wconf 88' lang='grc' dir='ltr'>πατέρα</span> <span class='ocrx_word' id='word_1_8' title='bbox 405 289 491 341; x_wconf 89' lang='grc' dir='ltr'>μεθ’</span> <span class='ocrx_word' id='word_1_9' title='bbox 516 290 638 341; x_wconf 86' lang='grc' dir='ltr'>ἡμῶν,</span> <span class='ocrx_word' id='word_1_10' title='bbox 668 291 730 332; x_wconf 79' lang='grc' dir='ltr'>καὶ</span> <span class='ocrx_word' id='word_1_11' title='bbox 757 292 1018 346; x_wconf 81' lang='grc' dir='ltr'>διαλλάχθηθ’</span> <span class='ocrx_word' id='word_1_12' title='bbox 1043 292 1124 344; x_wconf 80' lang='grc' dir='ltr'>ἅμα</span> 
     </span>
     <span class='ocr_line' id='line_1_4' title="bbox 232 357 1210 411; baseline 0.006 -16"><span class='ocrx_word' id='word_1_13' title='bbox 232 357 300 406; x_wconf 85' lang='grc' dir='ltr'>τῆς</span> <span class='ocrx_word' id='word_1_14' title='bbox 325 357 500 408; x_wconf 77' lang='grc' dir='ltr'>πρόσθεν</span> <span class='ocrx_word' id='word_1_15' title='bbox 527 357 670 410; x_wconf 80' lang='grc' dir='ltr'>ἔχθρας</span> <span class='ocrx_word' id='word_1_16' title='bbox 695 359 735 399; x_wconf 83' lang='grc' dir='ltr'>ἐς</span> <span class='ocrx_word' id='word_1_17' title='bbox 762 360 905 411; x_wconf 88' lang='grc' dir='ltr'>φίλους</span> <span class='ocrx_word' id='word_1_18' title='bbox 928 359 1074 411; x_wconf 79' lang='grc' dir='ltr'>μητρὸς</span> <span class='ocrx_word' id='word_1_19' title='bbox 1097 359 1210 411; x_wconf 86' lang='grc' dir='ltr'>μέτα·</span> 
     </span>
     <span class='ocr_line' id='line_1_5' title="bbox 231 424 1137 480; baseline 0.006 -18"><span class='ocrx_word' id='word_1_20' title='bbox 231 424 401 463; x_wconf 85' lang='grc' dir='ltr'>σπονδαὶ</span> <span class='ocrx_word' id='word_1_21' title='bbox 428 425 501 475; x_wconf 76' lang='grc' dir='ltr'>γὰρ</span> <span class='ocrx_word' id='word_1_22' title='bbox 527 424 619 475; x_wconf 86' lang='grc' dir='ltr'>ἡμῖν</span> <span class='ocrx_word' id='word_1_23' title='bbox 646 425 709 465; x_wconf 87' lang='grc' dir='ltr'>καὶ</span> <span class='ocrx_word' id='word_1_24' title='bbox 731 425 976 476; x_wconf 77' lang='grc' dir='ltr'>μεθέστηκεν</span> <span class='ocrx_word' id='word_1_25' title='bbox 1001 427 1137 480; x_wconf 81' lang='grc' dir='ltr'>χόλος.</span> 
     </span>
     <span class='ocr_line' id='line_1_6' title="bbox 230 488 1048 544; baseline 0.004 -15"><span class='ocrx_word' id='word_1_26' title='bbox 230 488 411 540; x_wconf 78' lang='grc' dir='ltr'>λάβεσθε</span> <span class='ocrx_word' id='word_1_27' title='bbox 437 490 568 544; x_wconf 83' lang='grc' dir='ltr'>χειρὸς</span> <span class='ocrx_word' id='word_1_28' title='bbox 594 489 737 540; x_wconf 77' lang='grc' dir='ltr'>δεξιᾶς·</span> <span class='ocrx_word' id='word_1_29' title='bbox 774 493 891 542; x_wconf 81' lang='grc' dir='ltr'>οἴμοι,</span> <span class='ocrx_word' id='word_1_30' title='bbox 920 497 1048 533; x_wconf 81' lang='grc' dir='ltr'>κακῶν</span> 
     </span>
     <span class='ocr_line' id='line_1_7' title="bbox 231 555 1465 610; baseline 0.005 -14"><span class='ocrx_word' id='word_1_31' title='bbox 231 555 281 597; x_wconf 87' lang='grc' dir='ltr'>ὡς</span> <span class='ocrx_word' id='word_1_32' title='bbox 306 557 515 607; x_wconf 79' lang='grc' dir='ltr'>ἐννοοῦμαι</span> <span class='ocrx_word' id='word_1_33' title='bbox 540 556 585 608; x_wconf 83' lang='grc' dir='ltr'>δή</span> <span class='ocrx_word' id='word_1_34' title='bbox 611 575 648 598; x_wconf 88' lang='grc' dir='ltr'>τι</span> <span class='ocrx_word' id='word_1_35' title='bbox 671 561 749 598; x_wconf 85' lang='grc' dir='ltr'>τῶν</span> <span class='ocrx_word' id='word_1_36' title='bbox 775 559 1057 610; x_wconf 82' lang='grc' dir='ltr'>κεκρυμμένων.</span> <span class='ocrx_word' id='word_1_37' title='bbox 1398 576 1465 607; x_wconf 90' lang='lat'>900</span> 
     </span>
     <span class='ocr_line' id='line_1_8' title="bbox 230 621 1208 680; baseline 0.006 -18"><span class='ocrx_word' id='word_1_38' title='bbox 230 622 302 674; x_wconf 81' lang='grc' dir='ltr'>ἆρ’,</span> <span class='ocrx_word' id='word_1_39' title='bbox 331 621 359 662; x_wconf 74' lang='grc' dir='ltr'><em>ὦ</em></span> <span class='ocrx_word' id='word_1_40' title='bbox 384 623 501 670; x_wconf 86' lang='grc' dir='ltr'>τέκν’,</span> <span class='ocrx_word' id='word_1_41' title='bbox 531 625 629 665; x_wconf 79' lang='grc' dir='ltr'>οὕτω</span> <span class='ocrx_word' id='word_1_42' title='bbox 657 625 720 665; x_wconf 77' lang='grc' dir='ltr'>καὶ</span> <span class='ocrx_word' id='word_1_43' title='bbox 743 625 869 666; x_wconf 83' lang='grc' dir='ltr'>πολὺν</span> <span class='ocrx_word' id='word_1_44' title='bbox 897 626 1035 676; x_wconf 77' lang='grc' dir='ltr'>ζῶντες</span> <span class='ocrx_word' id='word_1_45' title='bbox 1060 628 1208 680; x_wconf 79' lang='grc' dir='ltr'>χρόνον</span> 
     </span>
     <span class='ocr_line' id='line_1_9' title="bbox 231 688 1030 746; baseline 0.006 -17"><span class='ocrx_word' id='word_1_46' title='bbox 231 690 354 741; x_wconf 84' lang='grc' dir='ltr'>φίλην</span> <span class='ocrx_word' id='word_1_47' title='bbox 380 688 526 743; x_wconf 80' lang='grc' dir='ltr'>ὀρέξετ’</span> <span class='ocrx_word' id='word_1_48' title='bbox 552 691 724 742; x_wconf 80' lang='grc' dir='ltr'>ὠλένην;</span> <span class='ocrx_word' id='word_1_49' title='bbox 762 692 914 733; x_wconf 84' lang='grc' dir='ltr'>τάλαιν’</span> <span class='ocrx_word' id='word_1_50' title='bbox 940 694 1030 746; x_wconf 81' lang='grc' dir='ltr'>ἐγώ,</span> 
     </span>
     <span class='ocr_line' id='line_1_10' title="bbox 231 756 1031 812; baseline 0.006 -16"><span class='ocrx_word' id='word_1_51' title='bbox 231 756 282 798; x_wconf 88' lang='grc' dir='ltr'>ὡς</span> <span class='ocrx_word' id='word_1_52' title='bbox 307 757 538 810; x_wconf 84' lang='grc' dir='ltr'>ἀρτίδακρύς</span> <span class='ocrx_word' id='word_1_53' title='bbox 564 760 642 810; x_wconf 87' lang='grc' dir='ltr'>εἰμι</span> <span class='ocrx_word' id='word_1_54' title='bbox 667 759 731 799; x_wconf 85' lang='grc' dir='ltr'>καὶ</span> <span class='ocrx_word' id='word_1_55' title='bbox 755 760 891 812; x_wconf 81' lang='grc' dir='ltr'>φόβου</span> <span class='ocrx_word' id='word_1_56' title='bbox 917 759 1031 801; x_wconf 88' lang='grc' dir='ltr'>πλέα.</span> 
     </span>
     <span class='ocr_line' id='line_1_11' title="bbox 228 824 1030 878; baseline 0.005 -16"><span class='ocrx_word' id='word_1_57' title='bbox 228 824 358 878; x_wconf 80' lang='grc' dir='ltr'>χρόνῳ</span> <span class='ocrx_word' id='word_1_58' title='bbox 385 826 427 865; x_wconf 77' lang='grc' dir='ltr'>δὲ</span> <span class='ocrx_word' id='word_1_59' title='bbox 451 828 579 867; x_wconf 85' lang='grc' dir='ltr'>νεῖκος</span> <span class='ocrx_word' id='word_1_60' title='bbox 603 825 750 877; x_wconf 83' lang='grc' dir='ltr'>πατρὸς</span> <span class='ocrx_word' id='word_1_61' title='bbox 776 825 1030 878; x_wconf 79' lang='grc' dir='ltr'>ἐξαιρουμένη</span> 
     </span>
     <span class='ocr_line' id='line_1_12' title="bbox 229 890 1462 944; baseline 0.005 -14"><span class='ocrx_word' id='word_1_62' title='bbox 229 892 327 942; x_wconf 80' lang='grc' dir='ltr'>ὄψιν</span> <span class='ocrx_word' id='word_1_63' title='bbox 351 890 528 942; x_wconf 84' lang='grc' dir='ltr'>τέρειναν</span> <span class='ocrx_word' id='word_1_64' title='bbox 553 891 659 943; x_wconf 83' lang='grc' dir='ltr'>τήνδ’</span> <span class='ocrx_word' id='word_1_65' title='bbox 685 893 845 943; x_wconf 82' lang='grc' dir='ltr'>ἕπλησα</span> <span class='ocrx_word' id='word_1_66' title='bbox 869 894 1057 944; x_wconf 81' lang='grc' dir='ltr'>δακρύων.</span> <span class='ocrx_word' id='word_1_67' title='bbox 1398 908 1462 941; x_wconf 79' lang='grc'>905</span> 
     </span>
     <span class='ocr_line' id='line_1_13' title="bbox 130 957 1142 1013; baseline 0.004 -17"><span class='ocrx_word' id='word_1_68' title='bbox 130 960 202 997; x_wconf 77' lang='lat' dir='ltr'>Xo.</span> <span class='ocrx_word' id='word_1_69' title='bbox 230 958 345 1008; x_wconf 86' lang='grc' dir='ltr'>κάμοὶ</span> <span class='ocrx_word' id='word_1_70' title='bbox 372 957 452 998; x_wconf 78' lang='grc' dir='ltr'>κατ’</span> <span class='ocrx_word' id='word_1_71' title='bbox 478 960 615 1000; x_wconf 85' lang='grc' dir='ltr'>ὅσσων</span> <span class='ocrx_word' id='word_1_72' title='bbox 640 959 801 1013; x_wconf 84' lang='grc' dir='ltr'>χλωρὸν</span> <span class='ocrx_word' id='word_1_73' title='bbox 827 959 986 1013; x_wconf 88' lang='grc' dir='ltr'>ὡρμήθη</span> <span class='ocrx_word' id='word_1_74' title='bbox 1013 960 1142 1013; x_wconf 84' lang='grc' dir='ltr'>δάκρυ·</span> 
     </span>
     <span class='ocr_line' id='line_1_14' title="bbox 231 1023 1099 1077; baseline 0.005 -13"><span class='ocrx_word' id='word_1_75' title='bbox 231 1025 293 1064; x_wconf 83' lang='grc' dir='ltr'>καὶ</span> <span class='ocrx_word' id='word_1_76' title='bbox 318 1024 370 1075; x_wconf 82' lang='grc' dir='ltr'>μὴ</span> <span class='ocrx_word' id='word_1_77' title='bbox 396 1026 571 1077; x_wconf 81' lang='grc' dir='ltr'>προβαίη</span> <span class='ocrx_word' id='word_1_78' title='bbox 597 1026 730 1076; x_wconf 81' lang='grc' dir='ltr'>μεῖζον</span> <span class='ocrx_word' id='word_1_79' title='bbox 755 1023 778 1076; x_wconf 77' lang='grc' dir='ltr'>ἢ</span> <span class='ocrx_word' id='word_1_80' title='bbox 802 1026 848 1066; x_wconf 87' lang='grc' dir='ltr'>τὸ</span> <span class='ocrx_word' id='word_1_81' title='bbox 873 1030 941 1067; x_wconf 85' lang='grc' dir='ltr'>νῦν</span> <span class='ocrx_word' id='word_1_82' title='bbox 968 1029 1099 1068; x_wconf 91' lang='grc' dir='ltr'>κακόν.</span> 
     </span>
     <span class='ocr_line' id='line_1_15' title="bbox 130 1091 1123 1146; baseline 0.005 -16"><span class='ocrx_word' id='word_1_83' title='bbox 130 1094 185 1131; x_wconf 88' lang='grc' dir='ltr'>Ια.</span> <span class='ocrx_word' id='word_1_84' title='bbox 226 1092 334 1137; x_wconf 82' lang='grc' dir='ltr'>αἰνῶ,</span> <span class='ocrx_word' id='word_1_85' title='bbox 363 1093 489 1143; x_wconf 85' lang='grc' dir='ltr'>γύναι,</span> <span class='ocrx_word' id='word_1_86' title='bbox 518 1091 614 1138; x_wconf 82' lang='grc' dir='ltr'>τάδ’,</span> <span class='ocrx_word' id='word_1_87' title='bbox 643 1092 722 1132; x_wconf 84' lang='grc' dir='ltr'>οὐδ’</span> <span class='ocrx_word' id='word_1_88' title='bbox 749 1094 879 1134; x_wconf 85' lang='grc' dir='ltr'>ἐκεῖνα</span> <span class='ocrx_word' id='word_1_89' title='bbox 903 1093 1123 1146; x_wconf 88' lang='grc' dir='ltr'>μέμφομαι·</span> 
     </span>
     <span class='ocr_line' id='line_1_16' title="bbox 230 1158 1069 1213; baseline 0.006 -15"><span class='ocrx_word' id='word_1_90' title='bbox 230 1158 331 1200; x_wconf 86' lang='grc' dir='ltr'>εἰκὸς</span> <span class='ocrx_word' id='word_1_91' title='bbox 357 1160 432 1211; x_wconf 82' lang='grc' dir='ltr'>γὰρ</span> <span class='ocrx_word' id='word_1_92' title='bbox 457 1159 578 1211; x_wconf 81' lang='grc' dir='ltr'>ὀργὰς</span> <span class='ocrx_word' id='word_1_93' title='bbox 603 1161 704 1210; x_wconf 88' lang='grc' dir='ltr'>θῆλυ</span> <span class='ocrx_word' id='word_1_94' title='bbox 728 1163 928 1201; x_wconf 85' lang='grc' dir='ltr'>ποιεῖσθαι</span> <span class='ocrx_word' id='word_1_95' title='bbox 953 1160 1069 1213; x_wconf 82' lang='grc' dir='ltr'>γένος</span> 
     </span>
     <span class='ocr_line' id='line_1_17' title="bbox 229 1220 1463 1278; baseline 0.004 -13"><span class='ocrx_word' id='word_1_96' title='bbox 229 1220 388 1277; x_wconf 59' lang='grc' dir='ltr'>’Ϋγάμου</span> <span class='ocrx_word' id='word_1_97' title='bbox 412 1229 750 1278; x_wconf 85' lang='grc' dir='ltr'>παρεμπολῶντος</span> <span class='ocrx_word' id='word_1_98' title='bbox 775 1227 942 1268; x_wconf 80' lang='grc' dir='ltr'>ἀλλοίου</span> <span class='ocrx_word' id='word_1_99' title='bbox 967 1224 1126 1269; x_wconf 55' lang='grc' dir='ltr'>πόσειῘΫ</span> <span class='ocrx_word' id='word_1_100' title='bbox 1397 1242 1463 1274; x_wconf 88' lang='lat'>910</span> 
     </span>
     <span class='ocr_line' id='line_1_18' title="bbox 229 1291 1086 1348; baseline 0.005 -17"><span class='ocrx_word' id='word_1_101' title='bbox 229 1291 322 1332; x_wconf 85' lang='grc' dir='ltr'>ἀλλ’</span> <span class='ocrx_word' id='word_1_102' title='bbox 349 1293 389 1334; x_wconf 82' lang='grc' dir='ltr'>ἐς</span> <span class='ocrx_word' id='word_1_103' title='bbox 412 1293 457 1333; x_wconf 84' lang='grc' dir='ltr'>τὸ</span> <span class='ocrx_word' id='word_1_104' title='bbox 481 1296 588 1348; x_wconf 80' lang='grc' dir='ltr'>λῷον</span> <span class='ocrx_word' id='word_1_105' title='bbox 612 1293 688 1334; x_wconf 87' lang='grc' dir='ltr'>σὸν</span> <span class='ocrx_word' id='word_1_106' title='bbox 712 1293 955 1345; x_wconf 86' lang='grc' dir='ltr'>μεθέστηκεν</span> <span class='ocrx_word' id='word_1_107' title='bbox 982 1294 1086 1347; x_wconf 89' lang='grc' dir='ltr'>κέαρ,</span> 
     </span>
     <span class='ocr_line' id='line_1_19' title="bbox 228 1358 1109 1417; baseline 0.003 -18"><span class='ocrx_word' id='word_1_108' title='bbox 228 1358 353 1410; x_wconf 79' lang='grc' dir='ltr'>ἔγνως</span> <span class='ocrx_word' id='word_1_109' title='bbox 377 1361 420 1399; x_wconf 80' lang='grc' dir='ltr'>δὲ</span> <span class='ocrx_word' id='word_1_110' title='bbox 445 1359 515 1410; x_wconf 77' lang='grc' dir='ltr'>τὴν</span> <span class='ocrx_word' id='word_1_111' title='bbox 541 1363 728 1407; x_wconf 84' lang='grc' dir='ltr'>νικῶσαν,</span> <span class='ocrx_word' id='word_1_112' title='bbox 755 1361 863 1401; x_wconf 79' lang='grc' dir='ltr'>ἀλλὰ</span> <span class='ocrx_word' id='word_1_113' title='bbox 888 1365 939 1416; x_wconf 76' lang='grc' dir='ltr'>τῷ</span> <span class='ocrx_word' id='word_1_114' title='bbox 964 1363 1109 1417; x_wconf 79' lang='grc' dir='ltr'>χρόνῳ,</span> 
     </span>
     <span class='ocr_line' id='line_1_20' title="bbox 227 1424 1132 1481; baseline 0.003 -16"><span class='ocrx_word' id='word_1_115' title='bbox 227 1424 395 1476; x_wconf 77' lang='grc' dir='ltr'>βουλήν·</span> <span class='ocrx_word' id='word_1_116' title='bbox 435 1426 618 1478; x_wconf 82' lang='grc' dir='ltr'>γυναικὸς</span> <span class='ocrx_word' id='word_1_117' title='bbox 642 1427 738 1480; x_wconf 79' lang='grc' dir='ltr'>ἔργα</span> <span class='ocrx_word' id='word_1_118' title='bbox 762 1431 884 1468; x_wconf 82' lang='grc' dir='ltr'>ταῦτα</span> <span class='ocrx_word' id='word_1_119' title='bbox 909 1428 1132 1481; x_wconf 84' lang='grc' dir='ltr'>σώφρονος.</span> 
     </span>
     <span class='ocr_line' id='line_1_21' title="bbox 227 1492 1121 1547; baseline 0.003 -15"><span class='ocrx_word' id='word_1_120' title='bbox 227 1493 317 1542; x_wconf 84' lang='grc' dir='ltr'>ὑμῖν</span> <span class='ocrx_word' id='word_1_121' title='bbox 342 1492 396 1539; x_wconf 84' lang='grc' dir='ltr'>δέ,</span> <span class='ocrx_word' id='word_1_122' title='bbox 425 1497 572 1540; x_wconf 84' lang='grc' dir='ltr'>παῖδες,</span> <span class='ocrx_word' id='word_1_123' title='bbox 598 1493 665 1533; x_wconf 83' lang='grc' dir='ltr'>οὐκ</span> <span class='ocrx_word' id='word_1_124' title='bbox 692 1495 968 1547; x_wconf 82' lang='grc' dir='ltr'>ἀφροντίστως</span> <span class='ocrx_word' id='word_1_125' title='bbox 995 1495 1121 1547; x_wconf 86' lang='grc' dir='ltr'>πατὴρ</span> 
     </span>
     <span class='ocr_line' id='line_1_22' title="bbox 228 1558 1459 1613; baseline 0.007 -15"><span class='ocrx_word' id='word_1_126' title='bbox 228 1558 385 1609; x_wconf 76' lang='grc' dir='ltr'>πολλὴν</span> <span class='ocrx_word' id='word_1_127' title='bbox 410 1560 525 1610; x_wconf 80' lang='grc' dir='ltr'>ἔθηκε</span> <span class='ocrx_word' id='word_1_128' title='bbox 551 1560 627 1601; x_wconf 84' lang='grc' dir='ltr'>σὺν</span> <span class='ocrx_word' id='word_1_129' title='bbox 651 1563 755 1603; x_wconf 84' lang='grc' dir='ltr'>θεοῖς</span> <span class='ocrx_word' id='word_1_130' title='bbox 781 1563 992 1613; x_wconf 86' lang='grc' dir='ltr'>σωτηρίαν·</span> <span class='ocrx_word' id='word_1_131' title='bbox 1396 1576 1459 1607; x_wconf 88' lang='lat'>9¹5</span> 
     </span>
     <span class='ocr_line' id='line_1_23' title="bbox 230 1625 1037 1680; baseline 0.007 -15"><span class='ocrx_word' id='word_1_132' title='bbox 230 1625 337 1676; x_wconf 77' lang='grc' dir='ltr'>οἶμαι</span> <span class='ocrx_word' id='word_1_133' title='bbox 362 1628 436 1678; x_wconf 82' lang='grc' dir='ltr'>γὰρ</span> <span class='ocrx_word' id='word_1_134' title='bbox 460 1627 559 1677; x_wconf 76' lang='grc' dir='ltr'>ὑμᾶς</span> <span class='ocrx_word' id='word_1_135' title='bbox 583 1629 705 1677; x_wconf 82' lang='grc' dir='ltr'>τῆσδε</span> <span class='ocrx_word' id='word_1_136' title='bbox 731 1630 802 1679; x_wconf 86' lang='grc' dir='ltr'>γῆς</span> <span class='ocrx_word' id='word_1_137' title='bbox 830 1629 1037 1680; x_wconf 83' lang='grc' dir='ltr'>Κορινθίας</span> 
     </span>
    </p>
   </div>
   <div class='ocr_carea' id='block_1_3' title="bbox 361 1692 465 1707">
    <p class='ocr_par' dir='ltr' id='par_1_3' title="bbox 361 1692 465 1707">
     <span class='ocr_line' id='line_1_24' title="bbox 361 1692 465 1707; baseline 0.019 -2"><span class='ocrx_word' id='word_1_138' title='bbox 361 1692 465 1707; x_wconf 58' lang='grc' dir='ltr'>Αἳν</span> 
     </span>
    </p>
   </div>
   <div class='ocr_carea' id='block_1_4' title="bbox 228 1693 1459 1946">
    <p class='ocr_par' dir='ltr' id='par_1_4' title="bbox 228 1693 1083 1747">
     <span class='ocr_line' id='line_1_25' title="bbox 228 1693 1083 1747; baseline 0.002 -15"><span class='ocrx_word' id='word_1_139' title='bbox 228 1693 275 1732; x_wconf 79' lang='grc' dir='ltr'>τὰ</span> <span class='ocrx_word' id='word_1_140' title='bbox 300 1710 407 1744; x_wconf 86' lang='grc' dir='ltr'>πρωτ</span> <span class='ocrx_word' id='word_1_141' title='bbox 445 1697 612 1734; x_wconf 89' lang='grc' dir='ltr'>εσεσθαι</span> <span class='ocrx_word' id='word_1_142' title='bbox 637 1694 712 1735; x_wconf 85' lang='grc' dir='ltr'>σὺν</span> <span class='ocrx_word' id='word_1_143' title='bbox 739 1694 990 1747; x_wconf 85' lang='grc' dir='ltr'>κασιγνήτοις</span> <span class='ocrx_word' id='word_1_144' title='bbox 1013 1696 1083 1737; x_wconf 81' lang='grc' dir='ltr'>ἔτι.</span> 
     </span>
    </p>

    <p class='ocr_par' dir='ltr' id='par_1_5' title="bbox 228 1758 1077 1814">
     <span class='ocr_line' id='line_1_26' title="bbox 228 1758 1077 1814; baseline 0.005 -16"><span class='ocrx_word' id='word_1_145' title='bbox 228 1758 319 1799; x_wconf 85' lang='grc' dir='ltr'>ἀλλ’</span> <span class='ocrx_word' id='word_1_146' title='bbox 344 1758 578 1810; x_wconf 80' lang='grc' dir='ltr'>αὐξάνεσθε·</span> <span class='ocrx_word' id='word_1_147' title='bbox 615 1761 746 1801; x_wconf 85' lang='grc' dir='ltr'>τᾶλλα</span> <span class='ocrx_word' id='word_1_148' title='bbox 769 1761 801 1802; x_wconf 85' lang='grc' dir='ltr'>δ’</span> <span class='ocrx_word' id='word_1_149' title='bbox 829 1761 1077 1814; x_wconf 76' lang='grc' dir='ltr'>ἐξεργάζεται</span> 
     </span>
    </p>

    <p class='ocr_par' dir='ltr' id='par_1_6' title="bbox 228 1824 1110 1880">
     <span class='ocr_line' id='line_1_27' title="bbox 228 1824 1110 1880; baseline 0.006 -15"><span class='ocrx_word' id='word_1_150' title='bbox 228 1824 354 1877; x_wconf 86' lang='grc' dir='ltr'>πατήρ</span> <span class='ocrx_word' id='word_1_151' title='bbox 380 1843 422 1867; x_wconf 84' lang='grc' dir='ltr'>τε</span> <span class='ocrx_word' id='word_1_152' title='bbox 449 1828 510 1868; x_wconf 89' lang='grc' dir='ltr'>καὶ</span> <span class='ocrx_word' id='word_1_153' title='bbox 536 1830 635 1868; x_wconf 84' lang='grc' dir='ltr'>θεῶν</span> <span class='ocrx_word' id='word_1_154' title='bbox 659 1829 771 1870; x_wconf 87' lang='grc' dir='ltr'>ὅστις</span> <span class='ocrx_word' id='word_1_155' title='bbox 797 1829 908 1869; x_wconf 82' lang='grc' dir='ltr'>ἐστὶν</span> <span class='ocrx_word' id='word_1_156' title='bbox 935 1828 1110 1880; x_wconf 80' lang='grc' dir='ltr'>εὐμενής·</span> 
     </span>
    </p>

    <p class='ocr_par' dir='ltr' id='par_1_7' title="bbox 228 1892 1459 1946">
     <span class='ocr_line' id='line_1_28' title="bbox 228 1892 1459 1946; baseline 0.006 -14"><span class='ocrx_word' id='word_1_157' title='bbox 228 1894 349 1943; x_wconf 82' lang='grc' dir='ltr'>ἴδοιμι</span> <span class='ocrx_word' id='word_1_158' title='bbox 373 1892 406 1932; x_wconf 84' lang='grc' dir='ltr'>δ’</span> <span class='ocrx_word' id='word_1_159' title='bbox 430 1894 528 1944; x_wconf 79' lang='grc' dir='ltr'>ὑμᾶς</span> <span class='ocrx_word' id='word_1_160' title='bbox 555 1894 763 1946; x_wconf 80' lang='grc' dir='ltr'>εὐτραφεῖς</span> <span class='ocrx_word' id='word_1_161' title='bbox 785 1895 890 1946; x_wconf 81' lang='grc' dir='ltr'>ἥβης</span> <span class='ocrx_word' id='word_1_162' title='bbox 913 1894 1030 1936; x_wconf 87' lang='grc' dir='ltr'>τέλος</span> <span class='ocrx_word' id='word_1_163' title='bbox 1393 1907 1459 1939; x_wconf 91' lang='lat'>920</span> 
     </span>
    </p>
   </div>
   <div class='ocr_carea' id='block_1_5' title="bbox 126 1984 1458 2416">
    <p class='ocr_par' dir='ltr' id='par_1_8' title="bbox 126 1984 1458 2416">
     <span class='ocr_line' id='line_1_29' title="bbox 170 1984 1458 2028; baseline 0.002 -14"><span class='ocrx_word' id='word_1_164' title='bbox 170 1994 234 2024; x_wconf 82' lang='lat'>905</span> <span class='ocrx_word' id='word_1_165' title='bbox 259 1984 404 2026; x_wconf 82' lang='grc' dir='ltr'>τέρειναν</span> <span class='ocrx_word' id='word_1_166' title='bbox 417 1985 548 2016; x_wconf 85' lang='lat' dir='ltr'>Barnes</span> <span class='ocrx_word' id='word_1_167' title='bbox 566 1997 572 2016; x_wconf 71' lang='grc' dir='ltr'><em>τ</em></span> <span class='ocrx_word' id='word_1_168' title='bbox 596 1987 742 2028; x_wconf 81' lang='grc' dir='ltr'>τερεινήν</span> <span class='ocrx_word' id='word_1_169' title='bbox 760 1987 858 2018; x_wconf 85' lang='lat' dir='ltr'><strong>codd.</strong></span> <span class='ocrx_word' id='word_1_170' title='bbox 876 1987 1035 2028; x_wconf 84' lang='grc' dir='ltr'>(τερείνην</span> <span class='ocrx_word' id='word_1_171' title='bbox 1048 1986 1106 2026; x_wconf 82' lang='grc' dir='ltr'>Α).</span> <span class='ocrx_word' id='word_1_172' title='bbox 1153 1985 1203 2017; x_wconf 91' lang='lat' dir='ltr'>Cf.</span> <span class='ocrx_word' id='word_1_173' title='bbox 1219 1985 1458 2017; x_wconf 85' lang='lat' dir='ltr'><strong>Anacreontea</strong></span> 
     </span>
     <span class='ocr_line' id='line_1_30' title="bbox 127 2029 1456 2071; baseline 0.002 -14"><span class='ocrx_word' id='word_1_174' title='bbox 127 2037 179 2066; x_wconf 80' lang='lat'>53.</span> <span class='ocrx_word' id='word_1_175' title='bbox 197 2038 217 2057; x_wconf 89' lang='lat'><strong>2</strong></span> <span class='ocrx_word' id='word_1_176' title='bbox 353 2029 420 2068; x_wconf 92' lang='lat'>906</span> <span class='ocrx_word' id='word_1_177' title='bbox 442 2029 588 2071; x_wconf 71' lang='grc' dir='ltr'>χλωρὸν]</span> <span class='ocrx_word' id='word_1_178' title='bbox 609 2031 722 2071; x_wconf 81' lang='grc' dir='ltr'>θερμὸν</span> <span class='ocrx_word' id='word_1_179' title='bbox 739 2029 818 2060; x_wconf 87' lang='lat' dir='ltr'>Chr.</span> <span class='ocrx_word' id='word_1_180' title='bbox 841 2030 911 2060; x_wconf 85' lang='lat' dir='ltr'>Pat.</span> <span class='ocrx_word' id='word_1_181' title='bbox 932 2040 1017 2069; x_wconf 87' lang='lat'><strong>479:</strong></span> <span class='ocrx_word' id='word_1_182' title='bbox 1040 2043 1093 2071; x_wconf 94' lang='grc' dir='ltr'>γρ.</span> <span class='ocrx_word' id='word_1_183' title='bbox 1111 2030 1225 2071; x_wconf 84' lang='grc' dir='ltr'>θερμὸν</span> <span class='ocrx_word' id='word_1_184' title='bbox 1241 2029 1303 2063; x_wconf 87' lang='grc' dir='ltr'>ΣΒ</span> <span class='ocrx_word' id='word_1_185' title='bbox 1324 2030 1456 2070; x_wconf 76' lang='lat' dir='ltr'>(seeun-</span> 
     </span>
     <span class='ocr_line' id='line_1_31' title="bbox 127 2071 1458 2113; baseline 0.002 -12"><span class='ocrx_word' id='word_1_186' title='bbox 127 2072 205 2101; x_wconf 88' lang='lat' dir='ltr'>dum</span> <span class='ocrx_word' id='word_1_187' title='bbox 224 2071 415 2110; x_wconf 83' lang='lat' dir='ltr'>Schwartz)</span> <span class='ocrx_word' id='word_1_188' title='bbox 592 2083 656 2112; x_wconf 89' lang='lat'>907</span> <span class='ocrx_word' id='word_1_189' title='bbox 681 2072 806 2113; x_wconf 75' lang='grc' dir='ltr'>μεῖζον]</span> <span class='ocrx_word' id='word_1_190' title='bbox 822 2076 952 2112; x_wconf 75' lang='grc' dir='ltr'>μᾶσσον</span> <span class='ocrx_word' id='word_1_191' title='bbox 969 2073 1078 2103; x_wconf 83' lang='lat' dir='ltr'><strong>Cobet</strong></span> <span class='ocrx_word' id='word_1_192' title='bbox 1200 2074 1238 2104; x_wconf 79' lang='grc' dir='ltr'>τὸ</span> <span class='ocrx_word' id='word_1_193' title='bbox 1256 2071 1326 2113; x_wconf 84' lang='grc' dir='ltr'>νῦν]</span> <span class='ocrx_word' id='word_1_194' title='bbox 1346 2073 1387 2104; x_wconf 84' lang='grc' dir='ltr'>τὰ</span> <span class='ocrx_word' id='word_1_195' title='bbox 1403 2074 1458 2104; x_wconf 86' lang='grc' dir='ltr'>νῦν</span> 
     </span>
     <span class='ocr_line' id='line_1_32' title="bbox 128 2113 1455 2156; baseline 0.002 -13"><span class='ocrx_word' id='word_1_196' title='bbox 128 2113 280 2153; x_wconf 83' lang='lat' dir='ltr'><strong>Elmsley</strong></span> <span class='ocrx_word' id='word_1_197' title='bbox 420 2117 486 2155; x_wconf 88' lang='lat'>908</span> <span class='ocrx_word' id='word_1_198' title='bbox 520 2116 599 2156; x_wconf 81' lang='grc' dir='ltr'>οὐδ’]</span> <span class='ocrx_word' id='word_1_199' title='bbox 626 2118 681 2148; x_wconf 82' lang='grc' dir='ltr'>οὐκ</span> <span class='ocrx_word' id='word_1_200' title='bbox 706 2117 733 2146; x_wconf 91' lang='grc' dir='ltr'>Α</span> <span class='ocrx_word' id='word_1_201' title='bbox 750 2116 775 2146; x_wconf 92' lang='lat' dir='ltr'><strong>L</strong></span> <span class='ocrx_word' id='word_1_202' title='bbox 799 2122 833 2147; x_wconf 84' lang='lat' dir='ltr'>et</span> <span class='ocrx_word' id='word_1_203' title='bbox 857 2116 921 2148; x_wconf 80' lang='grc' dir='ltr'>οὐδ’</span> <span class='ocrx_word' id='word_1_204' title='bbox 943 2127 985 2146; x_wconf 81' lang='lat' dir='ltr'>ex</span> <span class='ocrx_word' id='word_1_205' title='bbox 1011 2118 1066 2147; x_wconf 53' lang='lat'>01³1*</span> <span class='ocrx_word' id='word_1_206' title='bbox 1093 2120 1279 2146; x_wconf 85' lang='lat' dir='ltr'>correctum</span> <span class='ocrx_word' id='word_1_207' title='bbox 1304 2115 1404 2146; x_wconf 87' lang='lat' dir='ltr'>habet</span> <span class='ocrx_word' id='word_1_208' title='bbox 1427 2115 1455 2145; x_wconf 94' lang='lat' dir='ltr'>B</span> 
     </span>
     <span class='ocr_line' id='line_1_33' title="bbox 127 2158 1454 2200; baseline 0.002 -13"><span class='ocrx_word' id='word_1_209' title='bbox 127 2167 193 2196; x_wconf 91' lang='lat'>910</span> <span class='ocrx_word' id='word_1_210' title='bbox 223 2158 327 2198; x_wconf 79' lang='grc' dir='ltr'>γάμου</span> <span class='ocrx_word' id='word_1_211' title='bbox 350 2183 356 2189; x_wconf 91' lang='grc'><strong>.</strong></span> <span class='ocrx_word' id='word_1_212' title='bbox 375 2183 381 2189; x_wconf 96' lang='grc'><em>.</em></span> <span class='ocrx_word' id='word_1_213' title='bbox 403 2183 409 2189; x_wconf 91' lang='grc'><strong>.</strong></span> <span class='ocrx_word' id='word_1_214' title='bbox 432 2160 568 2191; x_wconf 82' lang='grc' dir='ltr'>ἀλλοίου</span> <span class='ocrx_word' id='word_1_215' title='bbox 591 2159 622 2189; x_wconf 94' lang='lat' dir='ltr'>V</span> <span class='ocrx_word' id='word_1_216' title='bbox 647 2159 732 2200; x_wconf 84' lang='lat' dir='ltr'>(tum</span> <span class='ocrx_word' id='word_1_217' title='bbox 755 2159 876 2200; x_wconf 82' lang='grc' dir='ltr'>γάμους</span> <span class='ocrx_word' id='word_1_218' title='bbox 900 2159 952 2197; x_wconf 73' lang='lat' dir='ltr'>V¹,</span> <span class='ocrx_word' id='word_1_219' title='bbox 982 2160 1134 2191; x_wconf 84' lang='grc' dir='ltr'>ἀλλοίους</span> <span class='ocrx_word' id='word_1_220' title='bbox 1156 2164 1212 2198; x_wconf 73' lang='lat' dir='ltr'>vj:</span> <span class='ocrx_word' id='word_1_221' title='bbox 1243 2158 1364 2199; x_wconf 80' lang='grc' dir='ltr'>γάμους</span> <span class='ocrx_word' id='word_1_222' title='bbox 1383 2182 1391 2189; x_wconf 91' lang='grc'>.</span> <span class='ocrx_word' id='word_1_223' title='bbox 1415 2181 1422 2189; x_wconf 88' lang='grc'><em>.</em></span> <span class='ocrx_word' id='word_1_224' title='bbox 1445 2181 1454 2190; x_wconf 81' lang='grc'><strong>.</strong></span> 
     </span>
     <span class='ocr_line' id='line_1_34' title="bbox 128 2201 1456 2244; baseline 0.001 -12"><span class='ocrx_word' id='word_1_225' title='bbox 128 2201 277 2233; x_wconf 82' lang='grc' dir='ltr'>ἀλλοίους</span> <span class='ocrx_word' id='word_1_226' title='bbox 290 2202 360 2232; x_wconf 79' lang='lat' dir='ltr'><strong>rell.</strong></span> <span class='ocrx_word' id='word_1_227' title='bbox 374 2206 406 2235; x_wconf 88' lang='grc' dir='ltr'>Σ.</span> <span class='ocrx_word' id='word_1_228' title='bbox 444 2203 546 2241; x_wconf 75' lang='grc' dir='ltr'>(ἰδίως</span> <span class='ocrx_word' id='word_1_229' title='bbox 561 2202 595 2235; x_wconf 85' lang='grc' dir='ltr'>δὲ</span> <span class='ocrx_word' id='word_1_230' title='bbox 609 2205 714 2244; x_wconf 73' lang='grc' dir='ltr'>εἴρηκε</span> <span class='ocrx_word' id='word_1_231' title='bbox 727 2203 839 2234; x_wconf 86' lang='grc' dir='ltr'>πόσει</span> <span class='ocrx_word' id='word_1_232' title='bbox 854 2203 925 2234; x_wconf 77' lang='grc' dir='ltr'>ἀντὶ</span> <span class='ocrx_word' id='word_1_233' title='bbox 938 2205 996 2234; x_wconf 82' lang='grc' dir='ltr'>τοῦ</span> <span class='ocrx_word' id='word_1_234' title='bbox 1013 2202 1158 2234; x_wconf 89' lang='grc' dir='ltr'>πόσιος.</span> <span class='ocrx_word' id='word_1_235' title='bbox 1196 2204 1226 2234; x_wconf 82' lang='grc' dir='ltr'>οἱ</span> <span class='ocrx_word' id='word_1_236' title='bbox 1242 2202 1277 2234; x_wconf 83' lang='grc' dir='ltr'>δὲ</span> <span class='ocrx_word' id='word_1_237' title='bbox 1291 2202 1456 2243; x_wconf 81' lang='grc' dir='ltr'>ὑποκριταὶ</span> 
     </span>
     <span class='ocr_line' id='line_1_35' title="bbox 128 2244 1455 2286; baseline 0.001 -11"><span class='ocrx_word' id='word_1_238' title='bbox 128 2244 349 2284; x_wconf 77' lang='grc' dir='ltr'>ἀγνοήσαντες</span> <span class='ocrx_word' id='word_1_239' title='bbox 376 2245 557 2286; x_wconf 77' lang='grc' dir='ltr'>γράφουσιν</span> <span class='ocrx_word' id='word_1_240' title='bbox 585 2247 655 2278; x_wconf 80' lang='grc' dir='ltr'>ἀντὶ</span> <span class='ocrx_word' id='word_1_241' title='bbox 682 2248 740 2278; x_wconf 79' lang='grc' dir='ltr'>τοῦ</span> <span class='ocrx_word' id='word_1_242' title='bbox 766 2245 881 2278; x_wconf 87' lang='grc' dir='ltr'>πόσει</span> <span class='ocrx_word' id='word_1_243' title='bbox 912 2246 1027 2285; x_wconf 81' lang='grc' dir='ltr'>ἐμοῦ.)</span> <span class='ocrx_word' id='word_1_244' title='bbox 1077 2246 1280 2286; x_wconf 82' lang='lat' dir='ltr'>corruptela</span> <span class='ocrx_word' id='word_1_245' title='bbox 1306 2245 1455 2284; x_wconf 86' lang='lat' dir='ltr'>Didymo</span> 
     </span>
     <span class='ocr_line' id='line_1_36' title="bbox 126 2287 1456 2329; baseline 0.002 -13"><span class='ocrx_word' id='word_1_246' title='bbox 126 2287 304 2326; x_wconf 76' lang='lat' dir='ltr'><strong>antiquior.</strong></span> <span class='ocrx_word' id='word_1_247' title='bbox 352 2292 625 2329; x_wconf 81' lang='grc' dir='ltr'>παρεμπολῶντας</span> <span class='ocrx_word' id='word_1_248' title='bbox 643 2314 649 2320; x_wconf 97' lang='grc'><em>.</em></span> <span class='ocrx_word' id='word_1_249' title='bbox 667 2314 674 2320; x_wconf 91' lang='grc'><strong>.</strong></span> <span class='ocrx_word' id='word_1_250' title='bbox 694 2313 702 2320; x_wconf 93' lang='grc'><strong>.</strong></span> <span class='ocrx_word' id='word_1_251' title='bbox 719 2288 830 2321; x_wconf 83' lang='grc' dir='ltr'>πόσεις</span> <span class='ocrx_word' id='word_1_252' title='bbox 846 2288 978 2328; x_wconf 86' lang='lat' dir='ltr'>Tyrrell</span> <span class='ocrx_word' id='word_1_253' title='bbox 1120 2299 1180 2328; x_wconf 89' lang='lat'>911</span> <span class='ocrx_word' id='word_1_254' title='bbox 1208 2288 1409 2326; x_wconf 87' lang='grc' dir='ltr'>καθέστηκεν</span> <span class='ocrx_word' id='word_1_255' title='bbox 1423 2288 1456 2318; x_wconf 91' lang='grc' dir='ltr'>Α</span> 
     </span>
     <span class='ocr_line' id='line_1_37' title="bbox 126 2330 1456 2371; baseline 0.002 -11"><span class='ocrx_word' id='word_1_256' title='bbox 126 2340 191 2369; x_wconf 82' lang='lat'>912</span> <span class='ocrx_word' id='word_1_257' title='bbox 215 2334 260 2371; x_wconf 78' lang='grc' dir='ltr'>τῷ</span> <span class='ocrx_word' id='word_1_258' title='bbox 278 2331 304 2360; x_wconf 97' lang='lat' dir='ltr'>L</span> <span class='ocrx_word' id='word_1_259' title='bbox 315 2330 341 2361; x_wconf 89' lang='lat' dir='ltr'>P</span> <span class='ocrx_word' id='word_1_260' title='bbox 354 2331 380 2361; x_wconf 90' lang='lat' dir='ltr'>B</span> <span class='ocrx_word' id='word_1_261' title='bbox 393 2342 412 2362; x_wconf 86' lang='lat' dir='ltr'><em>v</em></span> <span class='ocrx_word' id='word_1_262' title='bbox 427 2343 434 2362; x_wconf 89' lang='lat'>:</span> <span class='ocrx_word' id='word_1_263' title='bbox 459 2334 514 2363; x_wconf 83' lang='grc' dir='ltr'>νῦν</span> <span class='ocrx_word' id='word_1_264' title='bbox 529 2331 560 2362; x_wconf 90' lang='grc' dir='ltr'>Α</span> <span class='ocrx_word' id='word_1_265' title='bbox 571 2332 620 2362; x_wconf 82' lang='lat' dir='ltr'>V:</span> <span class='ocrx_word' id='word_1_266' title='bbox 647 2333 707 2364; x_wconf 83' lang='grc' dir='ltr'>σὺν</span> <span class='ocrx_word' id='word_1_267' title='bbox 722 2331 902 2362; x_wconf 85' lang='lat' dir='ltr'>Wecklein</span> <span class='ocrx_word' id='word_1_268' title='bbox 1061 2341 1125 2371; x_wconf 86' lang='lat'>913</span> <span class='ocrx_word' id='word_1_269' title='bbox 1150 2332 1290 2363; x_wconf 83' lang='lat' dir='ltr'>seclusit</span> <span class='ocrx_word' id='word_1_270' title='bbox 1307 2331 1456 2370; x_wconf 85' lang='lat' dir='ltr'>Lenting</span> 
     </span>
     <span class='ocr_line' id='line_1_38' title="bbox 127 2374 808 2416; baseline 0.004 -14"><span class='ocrx_word' id='word_1_271' title='bbox 127 2383 192 2412; x_wconf 86' lang='lat'>915</span> <span class='ocrx_word' id='word_1_272' title='bbox 217 2375 375 2415; x_wconf 84' lang='grc' dir='ltr'>σωτηρίαν</span> <span class='ocrx_word' id='word_1_273' title='bbox 394 2374 420 2404; x_wconf 91' lang='lat' dir='ltr'>L</span> <span class='ocrx_word' id='word_1_274' title='bbox 433 2374 459 2405; x_wconf 88' lang='lat' dir='ltr'>P</span> <span class='ocrx_word' id='word_1_275' title='bbox 475 2385 481 2404; x_wconf 75' lang='grc' dir='ltr'>ε</span> <span class='ocrx_word' id='word_1_276' title='bbox 505 2375 682 2416; x_wconf 84' lang='grc' dir='ltr'>προμηθίαν</span> <span class='ocrx_word' id='word_1_277' title='bbox 697 2374 728 2405; x_wconf 88' lang='grc' dir='ltr'>Α</span> <span class='ocrx_word' id='word_1_278' title='bbox 739 2375 770 2405; x_wconf 91' lang='lat' dir='ltr'>V</span> <span class='ocrx_word' id='word_1_279' title='bbox 781 2374 808 2405; x_wconf 89' lang='lat' dir='ltr'>B</span> 
     </span>
    </p>
   </div>
  </div>
 </body>
</html>
