1683 2732
657 53 906 108 ΜΗΔΕΙΑ

125 161 197 198 Xo.
225 157 274 200 ὡς
298 155 423 198 οὐκέτ’
448 157 572 196 ὄντων
599 158 681 195 σῶν
707 153 853 194 τέκνων
880 154 1063 205 φρόντιζε
1088 151 1147 202 δή.

127 228 183 264 Ια.
226 227 299 264 ποῦ
323 222 397 274 γάρ
422 238 482 262 νιν
506 220 662 267 ἔκτειν’,·
704 219 813 261 ἐντὸς
837 216 860 269 ἦ
887 218 1032 269 ἔξωθεν
1057 219 1206 269 δόμων,·

124 293 197 330 Χο.
223 290 349 330 πύλας
373 287 531 338 ἀνοίξας
556 291 638 327 σῶν
662 286 808 327 τέκνων
834 287 916 341 ὄψῃ
944 285 1080 337 φόνον.

127 360 182 397 Ια.
225 358 376 408 χαλᾶτε
403 357 547 411 κλῇδας
572 353 622 395 ὡς
646 352 831 406 τάχιστα,
858 352 1096 403 πρόσπολοι,

226 420 377 462 ἐκλύεθ’
403 419 559 472 ἁρμούς,
588 419 638 461 ὡς
664 420 733 459 ’ίδω
759 419 922 459 διπλοῦν
949 417 1078 462 κακόν,
1367 429 1447 460 1315

224 488 313 530 τοὺς
336 489 408 538 μὲν
433 485 754 535 θανόντας-τὴν
779 487 820 525 δὲ
844 485 1035 535 τείσωμαι
1060 483 1182 533 δίκην.

126 557 208 605 Μη.
225 554 265 594 τί
286 551 407 594 τάσδε
433 556 549 595 κινεῖς
577 551 885 609 κᾷναμοχλεύεις
910 550 1050 596 πύλας,

223 620 380 672 νεκροὺς
407 621 570 671 ἐρευνῶν
599 619 693 669 κάμὲ
718 617 788 668 τὴν
814 615 1096 670 εἶργασμένην,·

226 689 375 726 παῦσαι
399 685 520 726 πόνου
545 683 663 725 τοῦδ’.
702 685 734 725 εἰ
760 683 793 723 δ’
820 685 913 734 ἐμοῦ
935 683 1074 735 χρείαν
1100 681 1215 735 ἔχεις,

223 751 321 804 λέγ’,
349 752 443 792 εἴτι
467 752 611 807 βούλῃ,
639 751 741 803 χειρὶ
767 749 798 789 δ’
823 749 867 789 οὐ
891 749 1064 802 ψαύσεις
1089 747 1197 788 ποτέ.
1367 760 1449 792 1320

223 817 363 858 τοιόνδ’
390 819 521 871 ὄχημα
545 816 692 869 πατρὸς
709 815 858 857 (Ἠλιος
882 815 1010 867 πατὴρ

224 884 385 924 δίδωσιν
411 883 514 935 ἡμῖν,
543 884 663 936 ἔρυμα
690 883 878 933 πολεμίας
902 882 1029 935 χερός.

127 954 183 990 Ια.
225 947 254 990 ὦ
279 953 409 1000 μῖσος,
436 947 464 988 ὦ
489 948 680 1001 μέγιστον
705 948 869 1001 ἐχθίστη
895 948 1008 1000 γύναι

227 1017 330 1057 θεοῖς
353 1032 396 1056 τε
421 1015 535 1065 κάμοὶ
561 1016 681 1055 παντί
702 1014 735 1054 τ’
762 1015 976 1066 ἀνθρώπων
1001 1012 1118 1066 γένει,

224 1082 309 1131 ἥτις
332 1080 506 1121 τέκνοισι
533 1084 667 1121 σοῖσιν
694 1082 887 1131 ἐμβαλεῖν
911 1079 1028 1132 ξίφος
1366 1091 1446 1122 13²5

225 1147 340 1198 ἔτλης
364 1150 544 1193 τεκοῦσα,
574 1146 660 1197 κᾶμ’
687 1145 817 1187 ἄπαιδ’
843 1146 1067 1187 ἀπώλεσας·

226 1214 287 1254 καὶ
311 1217 429 1254 ταῦτα
453 1211 622 1265 δράσασ’
648 1213 764 1263 ἥλιόν
789 1229 830 1252 τε
855 1211 1126 1264 προσβλέπεις

227 1280 288 1320 καὶ
313 1284 441 1332 γαῖαν,
468 1279 583 1331 ἔργον
608 1282 741 1319 τλᾶσα
766 1277 1105 1329 δυσσεβέστατον·

224 1345 338 1386 ὁ’λοι’·
375 1347 452 1398 ἐγὼ
479 1347 519 1385 δὲ
546 1349 612 1386 νῦν
638 1349 785 1397 φρονῶ,
814 1344 893 1384 τότ’
920 1344 963 1384 οὐ
988 1348 1156 1397 φρονῶν,

224 1412 280 1452 ὅτ’
308 1414 348 1452 ἐκ
373 1413 503 1463 δόμων
529 1429 577 1452 σε
601 1409 811 1464 βαρβάρου
836 1411 869 1450 τ’
895 1410 972 1451 ἀπὸ
997 1410 1140 1464 χθονὸς
1368 1422 1449 1453 1330

216 1475 386 1529 “Ἐλλην’
411 1479 450 1520 ἐς
475 1478 581 1518 οἶκον
607 1478 772 1530 ἠγόμην,
803 1477 919 1518 κακὸν
943 1476 1058 1529 μέγα,

225 1545 372 1596 πατρός
396 1561 438 1585 τε
463 1546 524 1585 καὶ
549 1546 621 1597 γῆς
645 1545 829 1597 προδότιν
854 1544 879 1594 ἥ
906 1543 944 1583 σ’
969 1542 1181 1595 ἐθρέψατο.

225 1610 293 1651 τὸν
319 1610 394 1651 σὸν
417 1610 450 1650 δ’
477 1609 665 1663 ἀλάστορ’
692 1612 746 1652 εἰς
773 1610 830 1661 ἔμ’
857 1610 1043 1662 ἔσκηψαν
1069 1611 1164 1650 θεοί·

226 1681 421 1718 κτανοῦσα
444 1678 518 1729 γὰρ
545 1677 590 1727 δὴ
618 1677 691 1717 σὸν
717 1676 832 1717 κάσιν
852 1675 1066 1729 παρέστιον

223 1743 267 1784 τὸ
293 1745 566 1798 καλλίπρῳρον
592 1742 756 1794 εἷσέβης
780 1742 946 1795 Ἀργοῦς
973 1742 1140 1795 σκάφος.
1367 1753 1447 1785 Ι335

222 1809 326 1863 ἤρξω
351 1812 424 1862 μὲν
449 1812 491 1851 ἐκ
518 1813 689 1851 τοιῶνδε·
727 1813 999 1862 νυμφευθεῖσα
1024 1811 1064 1850 δὲ

171 1912 251 1942 1314
277 1905 404 1935 κλεῖδας
420 1902 452 1932 A
599 1912 679 1942 1315
706 1905 803 1934 διπλᾶ
821 1902 902 1934 κακὰ
917 1901 947 1931 Α
1100 1900 1182 1939 1316
1205 1900 1341 1939 τίσωμαι
1359 1900 1449 1938 δίκην

125 1945 212 1976 LP:
243 1946 373 1985 τίσομαι
395 1945 482 1987 φόνῳ
504 1945 615 1976 AVB
641 1946 747 1986 (δίκην
772 1955 941 1985 suprascr.
968 1944 1013 1985 v).
1060 1944 1216 1975 τίσουσαν
1240 1943 1339 1983 φόνον
1358 1942 1447 1973 Weil

127 1997 206 2027 1317
233 1989 294 2021 ἄνω
320 1990 370 2021 ἐπὶ
395 1990 489 2030 ὕψους
516 1990 583 2031 (ἐπὶ
607 1991 665 2021 τοῦ
689 1989 812 2031 πύργου
838 1989 880 2029 Β)
909 1990 1039 2020 ἑστῶσα
1061 1990 1164 2019 ταῦτα
1187 1985 1279 2026 λέγει
1304 1990 1327 2019 Σ
1416 1987 1449 2017 τί

124 2031 224 2063 τάσδε
241 2056 248 2063 .
270 2056 277 2063 .
295 2056 302 2064 .
323 2031 442 2073 πύλας]
461 2033 494 2064 τί
510 2032 626 2065 τούσδε
650 2035 746 2065 κινεῖς
766 2031 1021 2073 κάναμοχλεύεις
1038 2031 1179 2071 λόγους;
1204 2030 1256 2060 bis
1273 2029 1354 2059 Chr.
1374 2029 1445 2060 Pat.

128 2085 184 2105 121
212 2080 245 2106 et
266 2085 340 2115 437.
387 2075 438 2106 Cf.
456 2075 514 2106 Ar.
538 2075 622 2107 Nub.
649 2086 729 2116 1397
755 2076 777 2108 ὦ
804 2079 919 2108 καινῶν
945 2077 1028 2106 ἐπῶν
1053 2074 1166 2111 κινητὰ
1191 2074 1242 2104 καὶ
1266 2073 1444 2113 μοχλευτά,

124 2123 157 2148 et
175 2118 309 2149 Heliod.
329 2118 531 2159 Aethiopica
548 2120 567 2151 i.
588 2121 608 2150 8
625 2119 659 2152 τί
674 2122 777 2152 ταῦτα
794 2122 891 2151 κινεῖς
908 2116 1182 2158 κάναμοχλεύεις;
1290 2125 1372 2153 1320
1394 2129 1446 2157 ’γρ-

124 2163 185 2202 οὐχ
203 2161 265 2203 ἅψῃ
283 2172 302 2192 v
479 2172 559 2202 1321
586 2163 680 2201 ἡλίου
698 2162 781 2193 LP:
816 2172 900 2201 corr.
919 2166 944 2201 j>
1123 2170 1205 2199 1322
1238 2158 1349 2201 ἔρυμα]
1367 2161 1448 2200 ῥῦμα

125 2204 168 2236 H.
189 2204 294 2242 Wolf,
310 2210 412 2246 recte,
431 2209 511 2246 puto
669 2207 751 2245 1326
775 2206 827 2238 καί
843 2207 873 2245 μ’
890 2205 920 2234 Α
1084 2204 1166 2243 1328
1190 2206 1301 2235 τλᾶσα
1316 2202 1385 2232 AV
1397 2202 1424 2232 B
1441 2213 1447 2231 :

124 2251 230 2290 δρῶσα
248 2249 274 2279 L
287 2248 312 2278 P
491 2259 572 2288 1330
603 2249 707 2289 δόμων
728 2249 799 2279 AV
811 2249 838 2279 B
854 2259 859 2278 :
893 2247 990 2287 δόμου
1013 2247 1038 2277 L
1052 2246 1078 2277 Ρ
1211 2246 1266 2286 σε]
1283 2259 1334 2287 γρ.
1355 2258 1412 2277 σου
1429 2255 1448 2275 v

128 2302 207 2331 1333
233 2293 289 2324 τὸν
307 2293 365 2324 σὺν
382 2293 407 2324 δ’
429 2293 454 2322 L
467 2292 492 2322 P
509 2304 515 2322 :
544 2294 600 2324 τὸν
618 2294 675 2324 σὺν
692 2292 722 2322 Α
735 2292 764 2322 V
777 2291 815 2321 13¹
837 2291 886 2331 (τὸ
905 2292 962 2322 σὸν
982 2290 1021 2329 Β)
1038 2301 1044 2321 2
1078 2293 1143 2322 τῶν
1161 2293 1226 2322 σῶν
1244 2289 1423 2320 Wecklein
