1651 2780
652 134 1004 174 ΕΎΙἾΓΙΙΔΟΎ

162 246 235 291 Δη.
259 240 320 281 καὶ
344 239 421 291 μὴν
447 237 598 291 στολήν
623 239 660 291 γ’
678 237 865 289 ’Ἐλληνα
890 238 952 279 καὶ
976 236 1124 290 ῥυθμὸν
1149 235 1312 277 πέπλων
1429 249 1489 281 130

262 306 358 360 ἔχει,
385 308 433 346 τὰ
459 306 491 346 δ’
518 306 613 358 ἔργα
637 305 849 358 βαρβάρου
874 304 992 358 χερὸς
1018 302 1123 344 τάδε.

261 372 335 413 σὸν
361 373 406 423 δὴ
433 372 477 413 τὸ
503 371 666 425 φράζειν
693 373 791 418 ἐστί,
819 371 871 423 μὴ
896 370 1062 422 μέλλειν
1087 369 1133 417 τ’,
1162 369 1249 421 ἐμοὶ

262 440 375 482 ποίας
403 437 543 492 ἀφῖξαι
569 442 680 490 δεῦρο
705 441 777 490 γῆς
802 439 915 490 ὅρους
940 437 1087 483 λιπών;

163 510 234 557 Κη.
262 506 441 558 Ἀργεῖός
468 507 557 556 εἰμι·
594 508 708 545 τοῦτο
734 506 807 557 γὰρ
835 504 964 546 θέλεις
988 506 1140 555 μαθεῖν·

262 572 327 625 ἐφ’
353 574 435 613 οἶσι
460 571 492 612 δ’
517 572 598 623 ἥκω
626 572 688 611 καὶ
714 570 802 622 παρ’
828 571 872 611 οὗ
897 569 1031 622 λέγειν
1057 569 1174 610 θέλω.
1434 580 1492 612 135

265 638 408 690 πέμπει
435 642 631 689 Μυκηνῶν
659 638 773 689 δεῦρό
796 637 836 688 μ’
864 636 1088 689 Εὐρυσθεὺς
1114 634 1216 685 ἄναξ

262 704 408 756 ἄξοντα
432 705 589 746 τούσδε·
626 706 760 745 πολλὰ
786 704 819 744 δ’
845 703 982 754 ἦλθον,
1011 700 1040 742 ὦ
1066 701 1166 753 ξένε,

265 771 378 813 δίκαι’
404 773 553 828 ὁμαρτῇ
579 774 674 823 δρᾶν
699 788 741 812 τε
768 770 829 811 καὶ
855 769 990 822 λέγειν
1016 769 1133 822 ἔχων.

322 837 504 892 Ἀργεῖος
528 838 582 880 ὢν
608 841 684 893 γὰρ
708 841 823 883 αὐτὸς
847 840 1050 893 Ἀργείους
1077 838 1159 891 ἄγω

265 901 306 940 ἐκ
332 902 399 950 τῆς
425 902 591 951 ἐμαυτοῦ
614 900 757 941 τούσδε
784 899 977 952 δραπέτας
1004 900 1120 954 ἔχων,
1433 913 1496 944 140

266 967 423 1017 νόμοισι
447 970 527 1009 τοῖς
553 967 700 1007 ἐκεῖθεν
727 966 1032 1018 ἐψηφισμένους

265 1035 410 1074 θανεῖν”
448 1034 590 1074 δίκαιοι
615 1032 647 1073 δ’
673 1034 795 1084 ἐσμὲν
821 1034 1016 1075 οἰκοῦντες
1042 1033 1159 1074 πόλιν

267 1099 374 1140 αὐτοὶ
400 1098 482 1140 καθ’
508 1101 634 1140 αὑτῶν
662 1101 813 1152 κυρίους
839 1101 1010 1152 κραίνειν
1035 1100 1156 1142 δίκας.

267 1169 429 1207 πολλῶν
454 1169 496 1208 δὲ
522 1166 680 1207 κᾶλλων
706 1167 841 1209 ἑστίας
866 1165 1080 1219 ἀφιγμένοι

267 1234 309 1273 ἐν
333 1236 462 1274 τοῖσιν
487 1232 618 1276 αὐτοῖς
643 1233 783 1274 τοισίδ’
810 1233 982 1284 ἕσταμεν
1007 1234 1156 1285 λόγοις,
1433 1244 1494 1276 145

267 1300 414 1342 κούδεὶς
440 1299 630 1351 ἐτόλμησ’
655 1301 734 1341 ἴδια
758 1299 1008 1353 προσθέσθαι
1032 1298 1143 1340 κακά.

265 1366 357 1406 ἀλλ’
382 1365 406 1417 ἥ
430 1366 503 1407 τιν’
531 1368 571 1409 ἐς
596 1369 641 1409 σὲ
666 1368 816 1419 μωρίαν
842 1366 1079 1419 ἐσκεμμένοι

314 1431 416 1446 Λ’“

267 1435 356 1485 δευρ
393 1436 516 1483 ἠλθον
541 1430 564 1484 ἢ
593 1435 770 1475 κίνδυνον
796 1433 842 1485 ἐξ
863 1433 1078 1487 ἀμηχάνων

266 1499 482 1551 ῥίπτοντες,
510 1499 577 1541 εἴτ’
604 1500 672 1541 οὖν
698 1502 775 1542 ε’ίτε
799 1500 851 1552 μὴ
880 1499 1104 1553 γενήσεται·

268 1565 313 1606 οὐ
337 1567 411 1618 γὰρ
438 1565 611 1618 φρενήρη
638 1566 674 1619 γ’
699 1569 795 1608 ὄντα
821 1566 859 1606 σ’
887 1568 1097 1617 ἐλπίζουσί
1119 1583 1193 1607 που
1434 1577 1497 1608 150

267 1631 389 1683 μόνον
413 1632 608 1683 τοσαύτης
631 1631 679 1683 ἣν
705 1634 879 1684 ἐπῆλθον
903 1633 1100 1675 Ἑλλάδος

267 1700 335 1740 τὰς
360 1697 473 1739 τῶνδ’
498 1699 698 1750 ἀβούλους
725 1701 933 1752 συμφορὰς
957 1702 1199 1741 κατοικτιεῖν.

324 1762 413 1817 φέρ’
440 1764 594 1806 ἀντίθες
619 1763 707 1817 γάρ·
744 1765 888 1807 τούσδε
913 1765 946 1805 τ’
972 1767 1012 1809 ἐς
1037 1769 1154 1819 γαῖαν
1179 1766 1315 1819 παρεὶς

267 1827 367 1878 ἡμᾶς
391 1826 424 1867 τ’
452 1826 574 1870 ἐάσας
601 1827 768 1880 ἐξάγειν,
798 1829 837 1869 τί
861 1832 1075 1881 κερδανεῖς;

268 1895 315 1934 τὰ
338 1896 411 1945 μὲν
436 1893 526 1947 παρ’
549 1894 659 1946 ἡμῶν
683 1895 804 1936 τοιάδ’
831 1895 919 1936 ἔστι
944 1913 1009 1936 σοι
1033 1899 1191 1947 λαβεῖν,
1434 1908 1494 1940 155

215 1996 274 2026 132
297 1988 327 2020 τ’
345 1988 419 2018 add.
438 1987 458 2027 Ι,
479 1997 543 2018 om.
566 1987 592 2017 L
605 1987 650 2019 P:
675 1988 832 2028 μέλλοντ’
851 1987 1013 2019 Matthiae
1118 1997 1178 2027 135
1202 1988 1315 2030 καίπερ
1333 1989 1367 2020 οὐ
1384 1986 1497 2029 λέγειν

168 2030 270 2062 θέλων
289 2031 314 2061 L
326 2031 362 2070 P,
379 2031 528 2062 correxit
546 2031 710 2062 Stiblinus
826 2033 885 2071 138
911 2034 1032 2074 ὁμαρτῇ
1049 2031 1068 2069 l,
1086 2032 1128 2063 cs.
1143 2032 1223 2071 Hip.
1243 2041 1344 2070 1195:
1370 2030 1495 2074 ἁμαρτῇ

172 2073 196 2103 L
209 2073 234 2104 P
255 2074 309 2115 (cf.
331 2074 492 2114 Bacchyl.
517 2075 564 2112 18,
585 2076 642 2116 46)
786 2085 846 2113 140
869 2077 927 2114 τῆς
945 2077 1067 2107 ἑαυτῶν
1086 2075 1221 2114 Kayser
1320 2074 1493 2114 'roba-6⁶1³:

168 2117 303 2150 τούτους
333 2131 373 2159 ’γε
404 2118 467 2148 LP
498 2117 587 2159 (τούς
617 2131 658 2159 ’γε
683 2118 829 2159 Verrall)
1011 2128 1071 2157 143
1105 2118 1173 2150 καθ’
1203 2118 1315 2151 αὑτοὺς
1344 2117 1496 2155 Lenting

171 2170 228 2197 144
253 2160 423 2202 ἀφιγμένοι
437 2160 690 2193 Wilamowitz:
715 2161 899 2203 ἀφιγμένων
917 2161 942 2191 L
956 2161 982 2192 P
1088 2171 1146 2201 145
1169 2164 1277 2194 τοῖσιν
1293 2185 1300 2192 .
1322 2185 1329 2192 .
1351 2184 1357 2191 .
1379 2161 1493 2192 τοισίδ’

169 2203 318 2234 Canter:
344 2207 430 2236 τοῖσι
447 2206 473 2236 δ’
491 2229 498 2236 .
519 2229 525 2236 .
548 2229 554 2236 .
573 2208 679 2237 τοῖσιν
696 2205 722 2235 L
735 2205 760 2236 P
851 2206 992 2244 ἔστημεν
1009 2205 1115 2236 Cobet
1222 2215 1292 2243 147,
1310 2205 1372 2243 148
1395 2205 1416 2242 ἤ
1432 2204 1493 2236 τιν’

171 2270 177 2277 .
205 2270 212 2277 .
244 2272 249 2278 .
276 2248 295 2286 ἢ
318 2248 462 2280 κίνδυνον
482 2248 626 2287 Jacobs:
656 2250 685 2280 εἴ
705 2249 766 2280 τιν’
792 2271 799 2278 .
823 2272 830 2280 .
860 2271 867 2278 .
895 2249 938 2280 εἷς
963 2249 1107 2280 κίνδυνον
1129 2247 1194 2279 LP
1373 2257 1433 2286 147
1460 2248 1494 2278 ἐν

169 2291 220 2322 σοὶ
250 2290 408 2330 Hartung
586 2301 648 2331 149
679 2294 867 2333 ῥιπτοῦντες
895 2291 970 2329 LP,
997 2297 1032 2322 ut
1063 2291 1192 2323 solent:
1230 2301 1313 2322 corr.
1343 2289 1494 2328 Elmsley

173 2343 232 2373 152
268 2334 412 2371 ἀβούλως
442 2335 627 2366 Kirchhoff
755 2337 951 2367 κατοικτιεῖν
977 2334 1146 2374 Elmsley:
1184 2334 1399 2368 κατοικτίσεις
1429 2332 1494 2363 LP

173 2387 234 2416 153
263 2378 293 2409 τ’
322 2377 471 2408 Reiske:
502 2377 535 2419 γ’
563 2378 627 2408 LP
