1683 2732
621 88 1025 128 PRAEFATIO

156 198 329 251 propius
359 199 536 248 accedit,
565 199 606 238 in
641 198 770 239 Rhes.
794 199 892 239 Alc.
917 200 1182 240 constantius
1214 201 1404 253 sequitur
1427 201 1476 240 L.

157 265 244 307 Sed
266 281 319 307 ne
348 267 540 307 Rhesum
570 267 746 319 quidem
776 282 832 307 ex
863 267 900 307 L
930 274 1074 320 potest
1102 268 1236 308 videri
1266 269 1475 309 traxisse:

154 348 254 375 nam
287 349 394 388 quas
426 335 556 376 habet
585 335 655 375 ille
685 335 727 375 in
760 335 839 376 hac
871 350 953 376 una
981 335 1124 376 fabula
1152 336 1318 389 glossas
1351 337 1474 377 inter-

155 403 344 452 lineares
387 417 533 443 earum
576 403 742 444 nullum
788 404 1018 457 vestigium
1065 404 1107 443 in
1153 404 1196 443 P.
1280 404 1476 457 Denique

152 471 283 512 habet
316 472 348 512 P
372 471 564 512 Bacchas
596 471 831 525 pleniorem
862 486 993 525 quam
1026 472 1077 523 L,
1105 471 1239 512 habet
1265 472 1476 512 Troiadas

153 540 194 580 in
224 541 262 581 L
291 541 506 582 omissam.
568 541 724 593 Neque
751 548 898 581 tamen
929 541 1006 581 has
1034 554 1091 580 ex
1123 540 1269 581 codice
1300 539 1475 580 alterius

151 609 317 661 generis
368 609 509 658 duxit,
558 623 659 650 nam
709 609 752 649 in
804 609 985 649 Bacchis
1036 609 1161 649 valde
1213 608 1362 649 similis
1413 616 1475 649 est

151 677 455 728 Laurentiano,
478 678 519 718 in
550 677 812 719 Troiadibus
844 678 970 718 valde
1000 678 1215 718 Vaticano
1247 677 1472 717 dissimilis.

149 745 334 787 Videtur
355 747 484 801 igitur
503 746 633 787 etiam
650 747 729 787 has
752 747 859 787 duas
875 746 1042 787 fabulas
1064 760 1149 787 non
1171 760 1226 787 ex
1250 746 1300 795 L,
1316 760 1401 786 non
1419 760 1473 785 ex

149 815 298 856 codice
317 815 495 855 alterius
522 815 701 868 generis,
722 815 796 855 sed
826 821 901 855 aut
932 828 988 854 ex
1017 815 1257 868 archetypo
1284 814 1473 854 Lauren-

150 883 256 923 tiani
277 889 352 923 aut
373 897 430 923 ex
452 883 599 936 aliquo
620 882 752 924 adfini
773 884 969 924 traxisse.

207 951 482 992 Scholiorum
503 951 800 992 testimonium
824 950 892 1006 (2)
913 958 959 992 ut
977 951 1278 993 difficillimum
1298 965 1374 991 usu
1397 958 1473 999 est,

149 1018 221 1070 ita,
239 1019 274 1060 si
295 1020 407 1061 bene
435 1021 581 1072 utaris,
604 1020 786 1060 maximi
818 1020 987 1061 fructus.
1051 1020 1130 1061 Cui
1159 1021 1275 1073 operi
1306 1034 1382 1060 nec
1406 1033 1474 1068 me

149 1102 299 1141 parem
336 1089 514 1129 omnino
548 1088 678 1128 credo
713 1102 817 1138 esse,
855 1102 932 1128 nec
973 1096 1133 1139 tamen,
1170 1102 1308 1141 spero,
1346 1087 1472 1141 plane

148 1170 197 1198 ac
229 1157 414 1209 turpiter
446 1157 670 1210 imparem.
745 1157 960 1198 Lectitavi
994 1157 1107 1197 enim
1144 1171 1228 1197 non
1264 1156 1472 1196 incuriose

147 1225 308 1265 scholia
343 1225 508 1266 Graeca
538 1225 688 1275 multa,
713 1226 964 1279 praesertim
997 1240 1046 1265 ea
1079 1239 1189 1278 quae
1221 1225 1274 1265 ad
1307 1231 1473 1265 ceteros

146 1294 342 1347 tragicos,
383 1294 440 1334 ad
489 1293 842 1347 Aristophanem,
883 1294 1131 1343 Pindarum,
1172 1292 1471 1346 Apollonium,

147 1360 439 1411 Theocritum,
474 1361 721 1402 Homerum
757 1361 977 1415 adscripta
1010 1367 1121 1401 sunt.
1188 1361 1239 1401 Id
1274 1361 1371 1401 dico
1406 1374 1469 1408 ne,

147 1442 245 1470 cum
285 1443 414 1483 saepe
460 1430 551 1470 sine
598 1429 732 1470 dubio
773 1429 1041 1482 peccaverim
1093 1428 1345 1476 omittendo,
1389 1442 1471 1468 non

149 1511 369 1551 nunquam
401 1498 532 1538 etiarn
565 1497 672 1538 falsa
706 1497 976 1547 inveniendo,
1006 1510 1096 1537 rem
1128 1497 1277 1537 videar
1310 1503 1472 1537 temere

146 1572 220 1608 aut
240 1567 331 1608 sine
358 1580 460 1608 cura
486 1566 635 1620 egisse.
699 1566 1036 1607 Distinctionem
1058 1565 1137 1607 feci
1168 1565 1279 1605 inter
1300 1565 1471 1618 propria

148 1634 488 1677 Scholiastarum
527 1642 724 1676 veterum
766 1634 1015 1676 testimonia
1053 1640 1095 1674 et
1146 1648 1216 1675 eas
1266 1634 1471 1674 lectiones

147 1719 253 1758 quas
284 1704 449 1746 scholia
482 1705 607 1745 unius
643 1704 814 1753 codicis,
849 1703 1065 1744 interdum
1103 1702 1232 1743 etiam
1272 1702 1469 1751 duorum,

148 1774 355 1827 praebent
372 1787 471 1814 cum
487 1780 614 1815 textu
635 1773 796 1814 codicis
813 1773 946 1826 ipsius
963 1772 1290 1813 consentientes.
1353 1771 1468 1810 Nam

148 1841 352 1883 lemmata
375 1842 551 1895 quidem
570 1842 612 1882 in
633 1841 710 1882 tali
733 1856 777 1883 re
798 1841 885 1882 fere
906 1841 1066 1881 nullius
1088 1840 1213 1893 pretii
1236 1853 1327 1879 esse
1344 1853 1470 1879 nemo

147 1923 232 1951 non
252 1911 370 1951 videt
388 1927 397 1960 ;
431 1923 508 1950 nec
531 1911 671 1952 multo
692 1910 865 1952 maioris
886 1917 950 1951 est
971 1924 1069 1950 cum
1100 1923 1232 1963 prava
1254 1908 1468 1960 quaedam

149 1978 273 2020 lectio
290 1977 452 2019 codicis
470 1979 505 2019 B
524 1979 565 2019 in
582 1979 775 2033 margine
789 1979 981 2020 eiusdem
1000 1979 1110 2019 inter
1128 1978 1291 2029 reliqua
1308 1976 1469 2017 scholia

148 2047 402 2100 explicatur.
469 2047 732 2088 Huiusmodi
766 2046 1015 2088 testimonia
1051 2045 1313 2086 scholiorum
1347 2045 1469 2084 unius

148 2115 242 2156 libri
263 2116 332 2156 vel
353 2117 537 2156 duorum
560 2123 859 2169 suspectorum
885 2129 984 2156 cum
1011 2114 1171 2163 notavi,
1193 2114 1318 2166 signo
1341 2115 1371 2151 Σ
1393 2113 1467 2152 ad-

147 2184 270 2238 posui
293 2182 385 2224 libri
408 2184 538 2237 ipsius
561 2185 730 2238 signum
751 2182 802 2239 (Σ
819 2184 853 2224 Β
874 2184 943 2224 vel
967 2183 1053 2224 XV
1074 2182 1140 2223 vel
1165 2184 1195 2220 Σ
1210 2182 1258 2232 Β,
1280 2181 1396 2234 SV).

207 2253 445 2294 Citationes
479 2260 673 2294 veterum
712 2253 769 2293 ibi
805 2259 975 2293 tantum
1014 2251 1247 2292 memoravi
1286 2250 1358 2290 ubi
1394 2257 1468 2289 aut

149 2322 346 2363 meliores
374 2322 580 2363 lectiones
605 2322 770 2363 adferre
800 2322 1057 2362 videbantur
1085 2327 1158 2360 aut
1189 2320 1230 2359 in
1263 2333 1304 2359 re
1337 2317 1467 2358 dubia

150 2397 418 2432 momentum
453 2405 579 2443 posse
608 2391 711 2432 dare
741 2390 896 2431 iudicii.
959 2387 1295 2441 Gnomologiam
1325 2386 1466 2426 Vene-

780 2471 837 2498 v11
