1683 2732
671 81 1042 119 ΙΠΠΟΛΎΤΟΣ

191 188 266 226 Φα.
357 186 550 236 δύστηνος
576 186 665 238 ἐγώ,
693 186 733 226 τί
755 184 839 226 ποτ’
866 184 1129 236 εἰργασάμην,-

357 256 427 293 ποῖ
448 251 762 305 παρεπλάγχθην
787 251 943 303 γνώμης
970 252 1137 303 ἀγαθῆς;
1449 266 1515 298 240

357 317 517 369 ἐμάνην,
546 318 692 358 ἔπεσον
717 318 900 368 δαίμονος
925 317 1010 373 ἄτῃ.

357 389 433 437 φεῦ
458 389 545 437 φεῦ,
572 383 746 435 τλήμων.

356 455 463 502 μαῖα,
490 450 613 491 πάλιν
637 467 711 502 μου
738 450 890 503 κρύψον
916 449 1109 502 κεφαλήν,

358 517 570 568 αἰδούμεθα
594 519 668 569 γὰρ
695 519 743 557 τὰ
766 516 990 569 λελεγμένα
1014 533 1093 568 μοι.

359 584 514 636 κρύπτε·
553 583 634 624 κατ’
659 585 797 624 ὅσσων
823 583 942 635 δάκρυ
966 600 1032 634 μοι
1056 584 1201 634 βαίνει,
1230 573 1246 589 Ι
1454 597 1516 628 245

359 650 420 690 καὶ
447 649 509 691 ἐπ’
535 650 731 703 αἰσχύνην
757 652 862 701 ὄμμα
885 649 1110 702 τέτραπται.

357 717 402 757 τὸ
427 718 502 769 γὰρ
523 717 737 769 ὀρθοῦσθαι
763 717 924 769 γνώμην
949 718 1078 771 ‹36va-

357 783 403 823 τὸ
427 786 469 824 δὲ
493 784 731 835 μαινόμενον
758 784 888 824 κακόν·
926 785 1032 824 ἀλλὰ
1059 787 1193 837 κρατεῖ

423 850 475 901 μὴ
500 850 761 903 γιγνώσκοντ’
787 849 1022 891 ἀπολέσθαι.

189 919 260 969 Τρ,
360 917 527 969 κρύπτω·
564 916 610 956 τὸ
634 916 665 957 δ’
692 917 786 968 ἐμὸν
812 917 907 957 πότε
933 916 977 966 δὴ
1005 915 1171 958 θάνατος
1456 929 1518 960 250

358 987 472 1034 σῶμα
497 983 688 1035 καλύψει;

358 1051 491 1090 πολλὰ
516 1049 694 1090 διδάσκει
722 1049 760 1100 μ’
787 1050 807 1088 ὁ
833 1049 956 1092 πολὺς
980 1050 1129 1100 βίοτος.

358 1119 459 1169 χρῆν
482 1118 557 1169 γὰρ
582 1117 740 1168 μετρίας
766 1117 820 1158 εἷς
846 1115 1057 1167 ἀλλήλουςΔ

360 1184 498 1235 φιλίας
524 1183 687 1233 θνητοὺς
713 1183 995 1234 ἀνακίρνασθαι

360 1250 423 1290 καὶ
446 1249 499 1301 μὴ
525 1249 620 1301 πρὸς
645 1248 764 1301 ἄκρον
789 1248 935 1299 μυελὸν
958 1251 1106 1302 ψυχῆς,
1455 1260 1515 1290 255

360 1316 503 1357 εὔλυτα
529 1315 561 1356 δ’
589 1314 687 1356 εἶναι
714 1315 936 1368 στέργηθρα
963 1318 1118 1367 φρενῶν

359 1383 438 1423 ἀπό
461 1382 494 1422 τ’
521 1382 704 1422 ὤσασθαι
730 1382 791 1422 καὶ
816 1379 1021 1431 ξυντεῖναι.

358 1449 404 1489 τὸ
429 1449 462 1489 δ’
486 1450 583 1501 ὑπὲρ
610 1452 762 1489 διο-σῶν
786 1449 879 1498 μίαν
905 1447 1057 1488 ὠδίνειν

357 1515 496 1569 ψυχὴν
519 1515 699 1569 χαλεπὸν
723 1515 861 1567 βάρος,
889 1515 940 1557 ὡς
966 1515 1071 1567 κάγὼ

357 1581 470 1633 τῆσδ’
495 1583 717 1634 ὑπεραλγῶ.
1457 1583 1518 1615 260

358 1650 498 1700 βιότου
524 1649 556 1689 δ’
583 1650 756 1701 ἀτρεκεῖς
783 1648 1052 1699 ἐπιτηδεύσεις

358 1717 461 1769 φασὶ
487 1715 691 1769 σφάλλειν
716 1715 839 1756 πλέον
864 1712 887 1765 ἢ
912 1715 1068 1767 τέρπειν

356 1789 404 1839 τῇ
429 1782 463 1822 θ’
488 1783 616 1836 ὑγιείᾳ
640 1785 796 1833 μᾶλλον
822 1785 1023 1832 πολεμεῖν.

358 1850 457 1889 οὕτω
483 1849 528 1889 τὸ
551 1850 643 1889 λίαν
669 1849 799 1899 ἧσσον
824 1850 971 1889 ἐπαινῶ

355 1919 424 1956 τοῦ
446 1917 568 1966 μηδὲν
593 1915 706 1968 ἄγαν·
1456 1916 1515 1955 265

425 1983 488 2023 καὶ
513 1981 770 2034 ξυμφήσουσι
795 1983 922 2034 σοφοί
942 1998 1021 2032 μοι.

233 2082 298 2112 239
321 2072 477 2112 δύστηνος
494 2072 525 2102 Ν
542 2077 575 2104 et
593 2078 679 2104 teste
699 2073 796 2104 Furia
815 2073 844 2103 D
859 2085 864 2103 ε
891 2072 1047 2105 δύστανος
1064 2070 1134 2102 rell.
1252 2069 1450 2112 εἶργασάμαν
1467 2070 1494 2100 Β
1510 2081 1517 2100 z

191 2129 266 2156 ·μην
283 2116 354 2146 rell.
504 2126 568 2155 240
591 2118 718 2157 γνώμας
737 2117 764 2147 Β
783 2123 816 2147 et
834 2117 954 2146 lemma
972 2120 995 2148 Σ
1140 2124 1203 2153 242
1227 2116 1354 2154 τλῆμον
1372 2113 1405 2143 Μ
1419 2112 1462 2143 A²
1474 2113 1516 2145 N.

192 2159 258 2190 Hic
274 2159 393 2199 incipit
410 2159 442 2189 K
613 2170 675 2199 243
701 2160 847 2202 κεφαλήν
865 2159 894 2189 V
907 2160 936 2190 D
955 2172 961 2189 ;
986 2172 1037 2190 -αν
1055 2158 1126 2189 rell.
1285 2166 1346 2195 245
1373 2156 1469 2198 δάκρυ
1484 2157 1517 2188 l:

190 2202 308 2244 δάκρυα
324 2202 420 2233 codd.
439 2207 473 2233 et
489 2206 513 2236 Σ
637 2213 698 2242 247
724 2205 855 2244 ’γνώμαν
874 2203 898 2233 L
913 2202 938 2233 P
1061 2211 1124 2241 252
1147 2201 1257 2233 πολλὰ
1274 2200 1308 2232 δὲ
1325 2199 1466 2232 διδάσκει
1482 2206 1516 2231 et

190 2246 259 2283 βίος
279 2245 341 2276 LP
475 2255 539 2285 253
563 2255 633 2286 seq.
650 2239 783 2288 μετρίαν
799 2271 806 2277 .
827 2270 834 2277 .
856 2272 862 2278 .
882 2246 993 2287 φιλίαν
1011 2245 1142 2277 θνατοὺς
1159 2244 1246 2275 Plut.
1269 2244 1354 2274 Mor.
1375 2254 1407 2283 p.
1435 2253 1476 2283 95
1489 2243 1515 2273 E

191 2299 253 2328 254
279 2289 415 2330 βροτοὺς
430 2288 462 2319 V
551 2290 774 2331 ἆνακρίνασθαι
794 2288 826 2320 Μ
844 2294 877 2320 et
895 2294 973 2320 ante
992 2299 1076 2320 corr.
1098 2288 1127 2317 V
1267 2289 1330 2326 256
1354 2288 1516 2327 θέλγητρα

146 2335 151 2338 ’
191 2332 392 2363 Plutarchus
525 2333 588 2363 262
612 2334 692 2374 φημὶ
711 2333 818 2363 Kurtz
838 2333 932 2375 (φασὶ
950 2333 989 2371 Σ)
1123 2332 1186 2369 265
1211 2340 1273 2361 om.
1297 2331 1346 2360 L:
1370 2331 1444 2360 add.
1468 2328 1507 2358 1⁴2

1326 2374 1384 2405 14*
