1651 2780
642 100 990 137 ΕΥΡΙΠΙΔΟΥ

250 203 394 243 τίκτειν
419 202 450 242 δ’
476 204 516 243 ἐν
543 204 663 246 οἵκοις
690 206 831 245 παῖδας
858 205 1066 257 ἐχθίστους
1094 205 1170 259 ε’ᾃς.

251 270 333 321 ἁγὼ
359 271 522 324 προνοίᾳ
547 276 593 327 τῇ
618 287 659 310 τε
685 276 738 327 σῇ
764 271 875 327 κὰμῇ,
903 270 1032 323 γέρον,
1414 276 1479 307 660

252 340 406 377 κτανεῖν
432 336 560 377 θέλων
586 336 691 388 τήνδ’
718 339 760 378 ἐκ
785 341 912 391 χερῶν
939 337 1170 389 ἁρπάζομαι.

252 404 377 443 καίτοι
403 403 503 455 φέρ’·
542 403 728 456 ἅψασθαι
753 405 828 456 γὰρ
856 405 923 445 οὐκ
950 405 1118 457 αἰσχρὸν
1145 404 1281 456 λόγου·

251 466 299 519 ἦν
325 473 415 511 παῖς
440 471 511 520 μὲν
535 470 613 521 ἡμὴ
638 470 690 522 μὴ
717 470 822 526 τέκῃ,
849 471 991 521 ταύτης
1017 471 1049 511 δ’
1075 471 1151 511 ἄπο

251 535 468 586 βλάστωσι
494 540 641 583 παῖδες,
668 539 790 587 τῆσδε
816 540 887 590 γῆς
914 538 1131 579 Φθιώτιδος

254 601 416 653 στήσεις
441 603 662 656 τυράννους,
691 603 895 656 βάρβαροι
919 604 951 644 δ’
977 606 1086 645 ὄντες
1111 604 1226 656 γένος
1416 607 1479 648 665

245 668 451 721 ’Έλλησιν
475 669 653 722 ἄρξουσ’;
693 670 761 711 εἶτ’
788 671 865 723 ἐγὼ
890 673 963 722 μὲν
988 671 1032 710 οὐ
1057 674 1192 724 φρονῶ

252 740 379 788 μισῶν
405 738 452 776 τὰ
475 736 526 787 μὴ
553 738 694 783 δίκαια,
722 738 788 778 σοὶ
813 737 845 777 δ’
873 737 1002 778 ἔνεστι
1027 741 1135 785 νοῦς;

254 800 422 854 [κάκεῖνο
448 807 517 844 νῦν
541 803 728 856 ἄθρησον·
768 805 801 844 εἰ
828 803 878 843 σὺ
904 807 1023 844 παῖδα
1049 804 1125 855 σὴν

255 870 344 911 δούς
369 886 421 924 τῳ
448 874 634 916 πολιτῶν,
663 870 730 910 εἶτ’
757 871 912 924 ἔπασχε
936 870 1081 917 τοιάδε,

256 942 351 992 σιγῇ
378 936 517 986 καθῆσ’
543 936 610 983 ἄν,·
649 936 692 976 οὐ
719 940 832 977 δοκῶ·
871 936 985 987 ξένης
1010 937 1041 977 δ’
1067 939 1164 989 ὕπερ
1417 939 1482 979 670

256 1006 415 1043 τοιαῦτα
439 1002 604 1045 λάσκεις
628 1003 718 1045 τοὺς
743 1004 980 1055 ἀναγκαίους
1006 1005 1167 1056 φίλους;

258 1069 319 1109 καὶ
344 1069 421 1120 μὴν
445 1071 536 1110 ἵσον
562 1069 597 1122 γ’
623 1069 721 1122 ἀνήρ
745 1087 789 1111 τε
815 1071 876 1111 καὶ
903 1070 999 1122 γυνὴ
1025 1070 1158 1111 στένει

257 1135 489 1188 ἀδικουμένη
514 1136 610 1189 πρὸς
635 1137 787 1190 ἀνδρός·
825 1137 876 1178 ὡς
900 1136 932 1177 δ’
958 1137 1082 1179 αὔτως
1107 1136 1203 1189 ἀνὴρ

256 1206 423 1256 γυναῖκα
445 1205 721 1256 μωραίνουσαν
747 1205 790 1244 ἐν
815 1204 949 1255 δόμοις
974 1203 1090 1257 ἔχων.

258 1271 322 1311 καὶ
345 1274 398 1326 τῷ
422 1272 495 1321 μὲν
520 1270 630 1311 ἔστιν
655 1272 698 1312 ἐν
722 1274 857 1324 χεροῖν
882 1270 985 1323 μέγα
1011 1270 1166 1317 σθένος,
1421 1273 1484 1313 675

257 1338 302 1394 τῇ
326 1335 359 1377 δ’
384 1338 426 1378 ἐν
451 1341 613 1389 γονεῦσι
639 1339 701 1378 καὶ
728 1339 862 1391 φίλοις
887 1339 934 1377 τὰ
958 1337 1182 1390 πράγματα.

259 1405 396 1445 οὔκουν
423 1405 571 1445 δίκαιον
594 1408 676 1446 τοῖς
700 1404 735 1456 γ’
760 1406 869 1455 ἐμοῖς
895 1404 1154 1457 ἐπωφελεῖν;]

259 1470 386 1523 γέρων
410 1470 534 1523 γέρων
560 1470 606 1511 εἳ.
664 1470 735 1521 τὴν
761 1470 791 1511 δ’
817 1471 914 1522 ἐμὴν
940 1472 1180 1524 στρατηγίαν

259 1536 390 1590 λέγων
415 1536 472 1588 ἔμ’
499 1537 672 1589 ὠφελοῖς
698 1537 747 1578 ἂν
772 1534 795 1587 ἢ
822 1541 947 1590 σιγῶν
972 1537 1107 1578 πλέον.

260 1603 406 1653 (Ελένη
433 1603 466 1643 δ’
494 1603 686 1657 ἐμόχθησ’
713 1604 786 1656 οὐχ
811 1603 957 1649 ἑκοῦσ’,
985 1603 1077 1643 ἀλλ’
1106 1604 1146 1643 ἐκ
1174 1606 1285 1648 θεῶν,
1423 1603 1488 1636 680

263 1670 325 1710 καὶ
349 1673 461 1710 τοῦτο
487 1673 680 1710 πλεῖστον
705 1669 919 1722 ὠφέλησεν
943 1669 1136 1710 Ἑλλάδα·

263 1738 398 1778 ὅπλων
423 1738 497 1789 γὰρ
523 1738 633 1778 ὄντες
659 1737 721 1776 καὶ
745 1736 876 1790 μάχης
901 1737 1084 1788 ἀίστορες

263 1803 419 1855 ἔβησαν
445 1804 498 1845 εἰς
523 1804 737 1855 τάνδρεῖον·
774 1803 796 1853 ἡ
824 1803 855 1843 δ’
885 1803 1019 1854 ὁμιλία

263 1869 420 1911 πάντων
445 1873 630 1923 βροτοῖσι
654 1871 832 1922 γίγνεται
856 1869 1107 1911 διδάσκαλος.

266 1938 299 1978 εἰ
325 1937 356 1978 δ’
383 1938 437 1979 εἷς
462 1937 667 1989 πρόσοψιν
691 1939 759 1987 τῆς
784 1938 878 1987 ἐμῆς
904 1937 1031 1976 ἐλθὼν
1057 1937 1134 1988 ἐγὼ
1426 1937 1490 1977 685

206 2030 272 2068 659
307 2029 334 2060 δ’
367 2039 433 2060 om.
466 2028 543 2059 MO
698 2029 763 2059 660
798 2029 885 2069 κάγὼ
917 2027 1148 2058 Wilamowitz
1253 2029 1295 2070 σῇ
1327 2029 1423 2065 καλῆι
1457 2025 1489 2056 Μ

164 2073 224 2102 661
253 2074 358 2104 θανεῖν
370 2072 424 2102 A:
448 2072 560 2104 παύειν
574 2072 712 2102 Brunck
821 2073 884 2109 664
910 2071 1026 2102 τούσδε
1041 2071 1178 2101 Brunck
1288 2071 1351 2108 665
1376 2069 1491 2108 στήσει

167 2117 192 2146 L
208 2115 234 2145 P
261 2115 362 2155 (corr.
382 2116 443 2155 p):
476 2116 583 2153 θήσεις
604 2129 656 2156 γρ.
676 2115 703 2145 Β
866 2115 1016 2152 668-677
1051 2115 1114 2144 del.
1142 2113 1258 2144 Hirzel
1286 2113 1415 2151 (Habet
1436 2123 1487 2143 vv.

164 2160 314 2197 672-677
353 2158 447 2189 Stob.
486 2169 535 2197 74.
567 2169 618 2198 24,
649 2163 683 2189 et
710 2169 742 2189 v.
773 2159 835 2197 671
870 2158 1039 2188 Choerob.
1074 2157 1182 2196 Epim.
1215 2167 1247 2196 p.
1280 2157 1323 2187 80
1353 2156 1491 2195 aliique)

165 2204 228 2241 672
258 2201 291 2243 γ’
310 2212 373 2232 om.
393 2202 482 2232 VL:
513 2203 544 2233 τ’
563 2202 589 2231 Β
604 2202 634 2232 Ο
749 2202 855 2233 στένει
874 2201 1009 2231 Dobrec
1043 2201 1150 2232 0⁷*e‘vet
1173 2200 1327 2240 primitus
1344 2199 1389 2230 M.
1439 2199 1489 2230 Cf.

168 2246 251 2277 Hec.
273 2247 351 2284 8075
371 2258 378 2276 :
403 2245 507 2277 σθένει
524 2247 622 2276 codd.
641 2250 675 2276 et
691 2250 715 2279 Σ
851 2246 914 2284 673
939 2247 1039 2277 αὕτως
1057 2244 1210 2283 primitus
1228 2243 1274 2275 L:
1299 2244 1401 2276 αὕτως
1419 2242 1489 2274 rell.

166 2291 228 2328 677
253 2289 287 2330 ‘y’
306 2291 390 2328 ἐμοῖς
406 2290 439 2329 ’γ’
454 2289 482 2318 V
573 2288 620 2328 ἔμ’
638 2290 777 2330 ὠφελεῖν
795 2288 888 2319 Stob.
910 2298 958 2326 74.
980 2298 1020 2326 24
1129 2289 1194 2326 679
1217 2287 1353 2328 ὠφελεῖς
1371 2285 1403 2316 Μ
1417 2286 1443 2316 P
1460 2290 1493 2316 et

168 2333 311 2363 sortasse
326 2333 480 2371 primitus
496 2332 521 2362 L
614 2333 678 2362 682
703 2333 848 2373 ἆίστορες
863 2332 888 2361 L
903 2331 929 2361 P
942 2344 948 2362 z
974 2332 1138 2372 ἀνίστορες
1153 2331 1224 2361 rell.
1323 2330 1386 2368 684
1410 2328 1492 2362 διδᾶ·

170 2383 292 2408 σκαλον
311 2375 343 2405 Μ
