1683 2732
531 483 1019 538 ΑΛΚΗΣΤΙΣ

119 670 370 700 ΑΠΟΛΛΩΝ

211 729 268 770 9Ω
293 728 436 780 δώματ’
460 727 673 780 Ἀδμήτει’,
701 730 742 770 ἐν
766 729 824 771 οἷς
850 729 968 780 ἔτλην
995 731 1073 783 ἐγὼ

217 799 376 847 θῆσσαν
399 794 591 848 τράπεζαν
616 795 772 836 αἰνέσαι
797 797 885 839 θεός
909 813 981 849 περ
1005 797 1071 838 ὤν.

217 862 314 905 Ζεὺς
338 863 414 915 γὰρ
438 863 629 904 κατακτὰς
653 865 773 903 παῖδα
796 862 864 904 τὸν
890 862 982 914 ἐμὸν
1006 865 1128 905 αἴτιος

216 928 476 979 Ἀσκληπιόν,
505 928 730 980 στέρνοισιν
754 930 944 980 ἐμβαλὼν
969 931 1118 982 φλόγα·

215 995 261 1036 οὗ
285 995 330 1046 δὴ
356 995 551 1048 χολωθεὶς
574 994 760 1037 τέκτονας
786 996 884 1035 Δίου
909 995 1029 1047 πυρὸς
1419 1011 1436 1042 5

219 1063 353 1102 κτείνω
381 1062 612 1104 Κύκλωπας·
651 1063 719 1102 καί
737 1078 786 1112 με
811 1062 986 1112 θητεύειν
1011 1061 1137 1114 πατὴρ

217 1131 342 1182 θνητῷ
368 1127 457 1180 παρ’
482 1127 591 1179 ἀνδρὶ
614 1126 727 1168 τῶνδ’
754 1127 881 1168 ἄποιν’
905 1127 1142 1181 ἠνάγκασεν.

216 1194 344 1234 ἐλθὼν
368 1195 408 1234 δὲ
434 1197 550 1246 γαῖαν
573 1192 677 1245 τήνδ’
703 1195 984 1247 ἐβουφόρβουν
1007 1193 1119 1250 ξένῳ,

217 1260 279 1301 καὶ
303 1260 407 1301 τόνδ’
433 1260 581 1315 ἔσῳζον
605 1259 713 1301 οἶκον
737 1261 778 1302 ἐς
802 1261 882 1301 τόδ’
906 1260 1063 1313 ἡμέρας.

215 1328 328 1367 ὁσίου
351 1328 426 1379 γὰρ
450 1326 589 1378 ἀνδρὸς
613 1327 724 1368 ὅσιος
748 1325 800 1368 ὢν
827 1327 1044 1380 ἐτύγχανον
1399 1343 1436 1364 10

215 1393 351 1435 παιδὸς
376 1391 563 1445 Φέρητος,
589 1391 634 1433 ὃν
660 1395 792 1434 θανεῖν
815 1393 1051 1446 ἐρρυσάμην,

217 1460 369 1511 Μοίρας
393 1459 586 1501 δολώσας·
623 1457 772 1515 ᾔνεσαν
798 1459 841 1501 δέ
863 1477 930 1511 μοι
955 1460 1039 1501 θεαὶ

210 1525 407 1577 ’Ἄδμητον
433 1524 529 1580 ᾅδην
553 1525 621 1566 τὸν
644 1525 846 1578 παραυτίκ’
873 1528 1072 1579 ἐκφυγεῖν,

215 1592 340 1633 ἄλλον
364 1591 632 1643 διαλλάξαντα
656 1596 738 1635 τοῖς
763 1591 865 1633 κάτω
891 1594 1040 1645 νεκρόν.

214 1658 362 1701 πάντας
387 1658 420 1699 δ’
446 1658 613 1711 ἐλέγξας
639 1659 700 1700 καὶ
726 1657 936 1709 διεξελθὼν
962 1660 1116 1711 φίλους,
1397 1673 1432 1704 15

213 1724 361 1777 πατέρα
384 1724 544 1777 γεραιάν
569 1724 604 1764 θ’
628 1725 653 1775 ἥ
678 1725 751 1777 σφ’
778 1726 900 1767 ἔτικτε
925 1725 1085 1778 μητέρα,

213 1791 287 1844 οὐχ
310 1791 402 1844 ηὗρε
426 1791 532 1841 πλὴν
556 1791 737 1843 γυναικὸς
761 1792 872 1834 ὅστις
895 1791 1013 1843 ἤθελε

216 1859 344 1899 θανὼν
369 1858 443 1910 πρὸ
469 1859 597 1899 κείνου
621 1857 755 1909 μηκέτ’
782 1860 940 1910 εἰσορᾶν
965 1857 1080 1910 φάος·

212 1923 235 1975 ἢ
260 1928 328 1965 νῦν
354 1924 435 1964 κατ’
460 1926 587 1967 οἴκους
612 1926 653 1965 ἐν
678 1927 812 1977 χεροῖν
836 1923 1079 1975 βαστάζεται

211 1994 533 2044 ψυχορραγοῦσα·
571 1994 662 2048 τῇδε
687 1990 762 2044 γάρ
787 1990 858 2042 σφ’
885 1992 926 2031 ἐν
950 1990 1075 2044 ἡμέρᾳ
1395 2004 1432 2024 20

213 2059 344 2098 θανεῖν
369 2056 568 2108 πέπρωται
594 2058 655 2098 καὶ
679 2059 922 2108 μεταστῆναι
946 2058 1052 2107 βίου.

213 2123 290 2175 ἐγὼ
313 2122 367 2169 δέ,
394 2123 446 2174 μὴ
470 2122 625 2174 μίασμά
648 2123 688 2175 μ’
714 2124 756 2164 ἐν
781 2124 913 2174 δόμοις
940 2124 1042 2178 κίχῃ,

155 2215 175 2244 8
199 2215 233 2247 δὲ
255 2214 366 2256 γαῖαν]
392 2215 419 2247 δ’
438 2217 469 2247 ἐς
494 2215 565 2248 αῖσιν
588 2215 666 2246 citat
689 2215 927 2255 Athenagoras
953 2212 1063 2253 suppl.
1087 2223 1148 2253 pro
1173 2213 1299 2244 Christ.
1323 2223 1352 2251 p.
1374 2223 1431 2251 104

116 2259 155 2288 16
188 2257 314 2288 Versus
344 2262 540 2298 suspectus;
573 2258 687 2289 habuit
719 2262 742 2293 Σ
876 2259 926 2290 καὶ
958 2256 1079 2298 πατέρα
1108 2257 1222 2298 ’γραῖάν
1254 2257 1280 2288 θ’
1314 2255 1431 2286 Nauck

116 2310 152 2339 17
178 2301 268 2333 ὅστις
286 2301 414 2332 Reiske
432 2312 438 2331 :
470 2302 540 2338 ἥτις
565 2301 660 2332 codd.
854 2302 893 2331 18
917 2301 1017 2333 θανὼν
1034 2300 1162 2331 Reiske
1179 2311 1186 2329 τ
1211 2302 1316 2331 θανεῖν
1333 2299 1429 2328 codd.

116 2345 201 2384 ἴμηδ’
219 2344 265 2375 ἔτ’
285 2344 415 2384 Haun.)

201 2408 281 2429 mvn.
301 2408 321 2430 1.
1284 2398 1301 2426 3
