1651 2780
596 135 1004 178 PRAEFATIO

133 252 293 292 scholia
310 252 550 292 invenimus
568 260 716 292 contra
737 250 1040 290 auctoritatem
1064 261 1238 288 suorum
1261 247 1458 288 codicum

134 320 412 361 Laurentiani
456 320 657 360 lectiones
700 318 1009 360 confirmantia.
1089 317 1286 370 Denique
1327 322 1460 357 testes

131 389 432 442 antiquissimi,
484 403 574 442 eg.
632 388 738 428 liber
799 387 930 427 Rhesi
990 399 1270 440 papyraceus,
1320 385 1459 426 neutri

132 457 450 510 adstipulantur
487 457 609 498 classi
646 457 718 497 sed
760 456 952 496 medium
992 455 1133 496 locum
1170 462 1343 503 tenent;
1380 467 1458 494 nec

135 526 271 566 multo
304 526 426 567 aliter
458 526 735 567 iudicandum
769 526 822 565 de
856 524 1096 577 fragmento
1130 522 1172 562 K
1210 522 1458 576 Hippolyti,

133 609 396 648 quamquam
435 596 539 636 illud
582 608 683 636 sane
727 594 950 635 Marciano
990 607 1120 646 quam
1165 592 1460 633 Laurentiano

132 663 308 716 propius
340 673 418 704 est.

192 731 307 771 Inter
330 732 367 771 L
389 739 432 773 et
455 733 485 771 P
510 734 623 785 ipsos
655 746 719 772 res
750 733 810 772 ita
839 745 883 772 se
907 731 1065 771 habere
1091 731 1272 772 videtur.
1336 729 1460 782 Quae

133 814 285 840 novem
318 800 489 841 fabulae
521 801 693 842 scholiis
725 799 1029 841 carent—Hel.
1060 799 1126 839 El.
1156 799 1284 840 Herc.
1314 798 1460 839 Hclid.

132 868 253 920 Cycl.
289 868 379 908 Ion.
416 868 568 921 Suppl.
608 869 856 922 Iphigenias
893 869 1003 915 dico,
1039 882 1139 908 nam
1173 868 1228 908 ad
1269 866 1461 907 Bacchas

132 936 248 976 fuere
280 936 383 976 olim
415 937 576 977 scholia
609 934 711 990 (vid.
743 936 917 976 W'ilain.
940 935 1166 984 Herakles,
1191 935 1215 975 i.
1238 950 1277 989 p.
1303 932 1460 989 207)—

130 1003 209 1043 has
251 1017 401 1044 omnes
442 1005 571 1044 habet
610 1005 641 1044 P
680 1011 756 1045 aut
797 1018 855 1044 ex
898 1005 936 1044 L
979 1005 1228 1056 descriptas,
1264 1003 1381 1056 quod
1419 1002 1460 1042 in

131 1071 467 1123 praefationibus
509 1072 715 1126 Cyclopis
764 1071 963 1112 Helenae
1009 1071 1211 1112 Electrae
1261 1070 1461 1111 Herculis

135 1139 465 1180 Heraclidarum
503 1139 755 1192 Iphigeniae
791 1139 1005 1180 Tauricae
1038 1140 1336 1180 demonstrare
1368 1138 1461 1179 volt

131 1207 425 1257 XVeckliniu53
471 1214 558 1259 aut,
591 1215 637 1249 ut
670 1215 796 1261 putat
828 1207 1033 1249 Vitellius
1066 1205 1136 1264 (cf.
1170 1207 1325 1248 Museo
1364 1206 1460 1247 Ital.

130 1277 174 1318 di
206 1277 385 1318 Antich.
420 1276 542 1318 Class
575 1277 658 1318 III.
689 1291 762 1330 pp.
792 1276 872 1317 288
905 1291 996 1330 sqq.
1029 1283 1072 1317 et
1106 1290 1242 1330 nuper
1276 1275 1461 1316 Praesat.

134 1345 414 1386 Herwerdeni
447 1345 669 1399 Helenae),
701 1359 757 1385 ex
794 1345 1052 1399 apographo
1088 1345 1244 1386 codicis
1282 1345 1321 1386 L
1351 1344 1459 1385 anti—

131 1428 219 1467 quo
238 1427 246 1464 ;
278 1420 366 1465 aut,
387 1420 434 1454 ut
456 1413 832 1462 'Wilamowitzius
854 1427 910 1453 ex
937 1414 1090 1454 eodem
1113 1420 1245 1467 atque
1267 1413 1306 1453 L
1329 1413 1459 1454 fonte.

133 1483 192 1523 Et
214 1483 295 1523 hoc
317 1489 431 1523 certe
452 1495 534 1534 ego
556 1482 695 1521 verius
719 1482 872 1523 iudico.
926 1482 1042 1522 Nam
1066 1496 1175 1535 quos
1193 1482 1460 1524 VVecklinius

132 1551 347 1605 congessit
390 1549 574 1590 Palatini
615 1563 778 1590 errores
820 1564 877 1590 ex
921 1551 1135 1603 scriptura
1178 1551 1459 1592 Laurentiani

133 1619 244 1659 male
276 1618 493 1659 intellecta
524 1626 651 1669 ortos,
676 1633 823 1658 eorum
860 1619 984 1659 multi
1016 1633 1114 1659 cum
1147 1620 1324 1674 propius
1355 1633 1458 1660 exa-

134 1687 361 1727 minaveris
391 1687 521 1728 aliam
554 1688 754 1728 videntur
785 1687 994 1728 exhibere
1026 1687 1178 1729 faciem
1205 1686 1258 1742 (e.
1273 1702 1313 1742 g.
1337 1688 1457 1742 Cycl.

132 1756 228 1808 498,
262 1756 408 1796 Hclid.
443 1757 553 1809 915),
586 1747 736 1808 reliqui
774 1757 828 1796 ad
862 1757 1134 1809 probandam
1172 1770 1260 1796 rem
1297 1757 1460 1810 alioqui

133 1839 284 1878 parum
306 1825 393 1865 veri
415 1825 597 1865 similem
621 1839 704 1866 non
733 1824 962 1865 sufficiunt.
1026 1825 1082 1866 Et
1107 1832 1204 1866 sunt
1230 1826 1352 1866 multi
1376 1825 1459 1867 loci

134 1893 206 1933 ubi
228 1899 302 1933 aut
325 1893 515 1946 pleniora
543 1900 617 1933 aut
647 1893 827 1934 meliora
856 1893 1036 1947 praebet
1062 1895 1094 1934 P
1118 1908 1248 1947 quam
1272 1894 1337 1935 L:
1369 1909 1403 1935 e.
1417 1909 1458 1948 g.

133 1962 264 2002 habet
295 1963 326 2001 P
357 1962 619 2015 hypothesin
651 1962 859 2012 Helenae,
887 1963 926 2002 L
958 1977 1045 2003 non
1077 1963 1238 2014 habet;
1269 1963 1399 2004 habet
1426 1964 1457 2003 P

133 2030 395 2084 hypothesin
414 2031 508 2084 Iph.
526 2032 577 2072 T.
599 2032 939 2072 emendatiorem
957 2048 965 2081 3
992 2039 1140 2073 contra
1162 2046 1248 2073 non
1269 2033 1458 2073 habebat

138 2099 228 2151 Iph.
252 2100 496 2140 Aulidensis
528 2099 658 2140 finem
691 2102 827 2141 donec
857 2101 948 2155 ipse
980 2100 1194 2155 supplevit
1227 2101 1431 2141 Musurus
1449 2115 1459 2151 ;

133 2167 183 2207 cf.
217 2169 345 2208 etiam
381 2169 509 2209 Herc.
545 2177 638 2222 155,
668 2180 763 2223 397,
796 2178 932 2222 1175;
969 2170 1066 2210 Hel.
1101 2181 1233 2220 1212;
1265 2176 1318 2220 et,
1351 2182 1458 2223 quos

136 2250 268 2288 nuper
309 2251 330 2277 e
373 2237 582 2278 Schultzii
624 2238 922 2278 dissertatione
963 2238 1088 2287 traxi,
1134 2238 1230 2291 Iph.
1269 2238 1326 2279 A.
1366 2250 1458 2292 109,

142 2304 260 2354 1146,
286 2316 418 2357 1339}
454 2305 605 2358 Suppl.
632 2306 814 2356 62,111,
842 2308 933 2351 182,
958 2302 1051 2355 228,
1074 2314 1187 2361 5533
1221 2307 1298 2347 Ion
1335 2305 1456 2362 1306,

139 2384 257 2425 1423.
322 2374 370 2413 In
391 2375 540 2414 ceteris
563 2374 718 2415 fabulis
740 2374 913 2415 vacillat
938 2376 967 2414 P
992 2375 1102 2415 inter
1128 2375 1167 2415 L
1188 2376 1458 2430 alterumque

134 2455 276 2495 genus,
320 2456 416 2482 cum
461 2443 503 2482 in
547 2443 654 2484 Hec.
698 2443 771 2485 Or.
816 2443 971 2484 Phoen.
1012 2444 1150 2485 Andr.
1195 2445 1250 2484 ad
1294 2444 1457 2485 MAV

779 2526 820 2552 v1
