1651 2780
644 139 994 176 ΕΥΡΙΠΙΔΟΥ

251 240 398 283 κούδείς
422 241 461 293 μ’
489 242 642 283 ἀπώσει
668 242 854 294 πρόσθεν,
882 243 1018 293 ὥσπερ
1044 241 1228 282 ἄλλοθεν.

311 309 402 360 ἡμῖν
428 311 470 350 δὲ
498 309 558 350 καὶ
583 309 668 364 τῷδ’
694 309 806 351 οὐδέν
833 311 943 351 ἐστιν
969 311 1012 351 ἐν
1035 308 1157 361 μέρει·

250 374 334 414 ἐπεὶ
360 376 436 426 γὰρ
452 373 627 427 ’Ἄργους
654 374 698 415 οὐ
721 374 882 425 μέτεσθ’
908 375 999 426 ἡμῖν
1024 375 1094 421 ἔτι,
1422 381 1481 420 185

248 439 375 495 ψήφῳ
404 444 591 492 δοκῆσαν,
620 443 727 482 ἀλλὰ
754 441 954 494 φεύγομεν
979 441 1144 494 πάτραν,

249 511 330 550 πῶς
356 507 404 548 ἂν
431 509 588 551 δικαίως
617 509 666 550 ὡς
694 510 944 559 Μυκηναίους
969 509 1059 561 ἄγοι

248 574 313 615 ὧδ’
339 576 455 616 ὄντας
482 575 594 626 ἡμᾶς,
624 575 690 617 οὓς
715 574 930 626 ἀπήλασαν
955 576 1117 630 χθονός;

250 641 357 692 ξένοι
381 641 456 694 γάρ
484 643 618 692 ἐσμεν.
691 639 714 692 ἢ
740 642 808 683 τὸν
832 642 1042 693 Ἑλλήνων
1068 644 1159 695 ὅρον

250 709 414 761 φεύγειν
439 709 626 749 ὃικαιοῦθ’
653 710 764 751 ὅστις
790 709 838 750 ἂν
863 709 1006 762 τᾶργος
1032 710 1160 767 φύγῃ;
1426 723 1486 754 190

250 776 389 817 οὔκουν
414 775 585 826 Ἀθήνας
612 775 661 828 γ’·
702 777 747 817 οὐ
771 778 846 829 γὰρ
872 776 1063 829 Ἀργείων
1089 777 1208 832 φόβῳ

250 842 338 884 τοὺς
362 841 625 894 (Ηρακλείους
654 845 795 885 παῖδας
822 843 992 894 ἐξελῶσι
1016 846 1100 896 γῆς.

251 909 294 949 οὐ
320 908 396 962 γάρ
420 926 457 950 τι
481 911 632 963 Τραχίς
661 911 772 950 ἐστιν
798 910 876 949 οὐδ’
902 909 1106 963 Ἀχαιικὸν

251 976 428 1027 πόλισμ’,
458 978 549 1017 ὅθεν
575 977 625 1017 σὺ
653 976 809 1022 τούσδε,
837 982 885 1033 τῇ
911 978 998 1032 δίκῃ
1022 978 1094 1027 μὲν
1120 977 1177 1023 οὔ,

251 1042 295 1082 τὸ
321 1042 353 1082 δ’
374 1041 522 1095 ’Ἄργος
547 1044 689 1095 ὀγκῶν,
718 1042 855 1095 οἷάπερ
883 1044 944 1083 καὶ
969 1046 1037 1083 νῦν
1062 1042 1206 1095 λέγεις,
1424 1054 1484 1087 Ι95

250 1108 418 1159 ἤλαυνες
445 1109 575 1151 ἱκέτας
601 1110 777 1160 βωμίους
808 1109 1060 1160 καθημένους.

253 1177 286 1216 εἰ
311 1177 386 1228 γὰρ
410 1175 489 1216 τόδ’
516 1176 631 1217 ἔσται
659 1177 721 1217 καὶ
747 1177 892 1228 λόγους
921 1179 1097 1228 κρινοῦσι
1123 1175 1231 1222 σούς,

253 1242 320 1282 οὐκ
346 1242 415 1283 οἷδ’
441 1242 612 1293 Ἀθήνας
638 1242 751 1283 τάσδ’
778 1242 987 1296 ἐλευθέρας
1013 1243 1081 1283 ἔτι.

254 1308 345 1349 ἀλλ’
370 1309 441 1350 οἶδ’
468 1310 545 1362 ἐγὼ
571 1309 614 1350 τὸ
641 1312 763 1351 τῶνδε
788 1312 897 1361 λῆμα
922 1311 984 1351 καὶ
1012 1310 1149 1363 φύσιν·

255 1377 442 1433 θνῄσκειν
468 1376 697 1428 θελήσουσ’·
736 1377 758 1427 ἡ
784 1378 859 1429 γὰρ
887 1376 1056 1430 αἰσχύνη
1084 1372 1243 1430 (πάρος)
1423 1388 1489 1410 200

253 1446 321 1483 τοῦ
347 1444 419 1494 ζῆν
444 1443 534 1495 παρ’
561 1445 723 1486 ἐσθλοῖς
750 1443 942 1495 ἀνδράσιν
967 1444 1179 1495 νομίζεται.

314 1509 433 1548 πόλιν
457 1510 530 1559 μὲν
556 1508 678 1560 ἀρκεῖ·
719 1510 780 1549 καὶ
805 1512 880 1563 γὰρ
907 1510 975 1551 οὖν
1001 1511 1219 1563 ἐπίφθονον

255 1577 348 1616 λίαν
373 1577 548 1616 ἐπαινεῖν
575 1577 674 1622 ἐστι,
703 1575 897 1617 πολλάκις
923 1578 965 1616 δὲ
990 1575 1036 1626 δὴ

258 1642 395 1684 καύτὸς
420 1643 631 1694 βαρυνθεὶς
657 1641 727 1682 οἶδ’
753 1641 854 1694 ἄγαν
881 1643 1122 1693 αἰνούμενος.

258 1709 323 1749 σοὶ
348 1709 380 1749 δ’
407 1709 457 1751 ὡς
482 1708 632 1761 ἀνάγκη
659 1709 800 1750 τούσδε
826 1709 1025 1760 βούλομαι
1052 1710 1206 1763 φράσαι
1428 1722 1489 1752 205

258 1774 408 1831 σῴζειν,
437 1777 598 1827 ἐπείπερ
623 1778 745 1826 τῆσδε
771 1781 1008 1828 προστατεῖς
1035 1778 1192 1831 χθονός.

259 1843 429 1885 Πιτθεὺς
452 1842 525 1894 μέν
551 1844 639 1883 ἐστι
666 1842 865 1889 Πέλοπος,
895 1845 937 1884 ἐκ
963 1846 1004 1884 δὲ
1030 1843 1209 1886 Πιτθέως

261 1911 396 1961 Αἴθρα,
424 1909 552 1961 πατὴρ
576 1909 608 1950 δ’
635 1911 678 1950 ἐκ
704 1913 827 1961 τῆσδε
852 1913 1038 1963 γεννᾶται
1064 1910 1182 1952 σέθεν

261 1977 433 2027 Θησεύς.
505 1977 627 2018 πάλιν
653 1980 695 2019 δὲ
720 1977 835 2018 τῶνδ’
860 1976 993 2028 ἄνειμί
1014 1994 1081 2017 σοι
1104 1977 1230 2029 γένος.

259 2042 482 2095 εΗρακλέης
507 2043 555 2094 ἦν
583 2044 709 2095 Ζηνὸς
735 2043 961 2095 Ἀλκμήνης
985 2061 1027 2085 τε
1052 2047 1155 2090 παῖς,
1429 2056 1492 2078 ²10

207 2136 267 2175 183
292 2137 405 2169 ἄλλοθι
424 2136 574 2176 Elmsley
749 2138 809 2176 184
836 2139 870 2169 ἐν
885 2136 974 2177 μέσῳ
991 2136 1202 2167 Valckenaer
1372 2136 1432 2175 185
1457 2137 1492 2167 οὐ

161 2178 290 2217 μέτεσθ’
312 2180 468 2211 Dobree:
499 2180 591 2213 οὐδὲν
617 2181 683 2213 ἔσθ’
703 2181 736 2220 (e
759 2191 788 2211 v.
811 2181 985 2220 praeced.)
1014 2180 1077 2210 LP
1256 2179 1316 2210 188
1349 2177 1420 2220 ὧδ’]
1445 2179 1490 2211 ὅδ’

162 2222 332 2261 Tyrwhitt
349 2235 355 2254 z
378 2225 450 2266 τῇδ’
471 2224 590 2255 Nauck
697 2234 760 2264 190
783 2223 869 2266 φύγῃ
888 2223 1038 2262 Elmsley
1056 2235 1062 2253 :
1087 2223 1182 2264 φύγοι
1202 2223 1227 2254 L
1241 2223 1267 2254 P
1372 2232 1429 2261 191
1458 2224 1491 2254 οὐ

161 2266 223 2307 ’γὰρ
241 2266 436 2306 Stephanus
453 2279 460 2298 t
485 2270 540 2300 οὐκ
559 2268 606 2310 ἄρ’
625 2267 651 2298 L
665 2268 691 2298 P
800 2277 859 2307 193
884 2267 1003 2309 Τραχὶς
1021 2268 1084 2298 οὐδ’
1102 2267 1271 2308 Ἀχαιικὸν
1287 2265 1365 2298 τάδε
1384 2265 1492 2296 Cobet

166 2318 223 2348 197
262 2311 401 2352 κρίνουσι
433 2312 458 2341 L
472 2310 498 2341 P
528 2312 692 2353 (κρανοῦσι
723 2310 890 2351 Elmsley)
1055 2310 1115 2349 198
1148 2312 1184 2342 οὔ
1208 2309 1286 2351 φημ’
1315 2308 1495 2340 Kirchhofl'

163 2366 228 2387 200
250 2356 345 2397 πάρος
364 2355 491 2387 Reiske
507 2367 512 2387 :
539 2366 604 2387 om.
628 2355 654 2386 L
667 2355 693 2386 P
713 2356 811 2396 (λειπ.
834 2355 860 2385 L
876 2366 882 2384 :
910 2355 1014 2386 erasit
1031 2359 1065 2386 et
1083 2354 1179 2396 βάρος
1196 2355 1271 2386 add.
1290 2354 1329 2385 L²
1346 2353 1400 2385 vel
1418 2354 1448 2384 l:
1473 2354 1493 2392 ἡ

165 2397 202 2437 Ρ,
219 2399 323 2430 erasit
339 2404 373 2430 et
392 2401 504 2432 ἐνδεῶς
521 2399 597 2430 add.
613 2403 651 2439 p>
786 2407 850 2437 205
875 2398 915 2431 σὺ
933 2398 959 2428 Ρ
