1683 2732
706 82 1023 121 ΑΛΚΗΣΤΙΣ

305 185 373 222 νῦν
397 182 431 223 δ’
456 183 543 223 ἐστὶ
566 182 734 234 μάκαιρα
762 184 923 234 δαίμων·

303 248 421 301 χαῖρ’,
459 247 489 289 ὦ
527 249 664 296 πότνι’,
703 249 744 290 εὗ
782 251 824 290 δὲ
861 251 982 301 δοίης.
1053 253 1160 292 τοῖαί
1190 268 1250 293 νιν
1286 259 1526 307 προσεροῦσι

468 318 607 368 φῆμαι.
1441 336 1524 367 1005

222 441 279 447 —
304 415 366 456 καὶ
389 415 467 466 μὴν
491 415 559 462 ὅδ’,
588 415 638 457 ὡς
664 415 803 462 ἔοικεν,
832 415 1058 468 Ἀλκμήνης
1083 419 1211 470 γόνος,

292 480 478 533 ”Αδμητε,
505 481 600 534 πρὸς
625 481 701 532 σὴν
728 484 867 524 ἑστίαν
892 484 1110 535 πορεύεται.

199 550 274 601 Ηρ.
293 549 414 599 φίλον
438 548 534 601 πρὸς
559 548 680 601 ἄνδρα
704 549 780 602 χρὴ
806 549 940 602 λέγειν
966 549 1193 603 ἐλευθέρως,

290 613 476 665 ”Αδμητε,
503 617 664 667 μομφὰς
689 615 722 656 δ’
748 615 822 669 οὐχ
846 615 920 657 ὑπὸ
947 616 1198 670 σπλάγχνοις
1223 617 1331 671 ἔχειν

296 681 470 733 σιγῶντ’.
543 682 620 734 ἐγὼ
645 683 687 722 δὲ
714 686 801 724 σοῖς
827 686 1004 723 κακοῖσιν
1028 680 1162 733 ἠξίουν
1434 699 1518 721 1010

295 748 412 800 ἐγγὺς
436 749 641 799 παρεστὼς
667 748 919 800 ἐξετάζεσθαι
944 750 1076 801 φίλος·

295 814 346 855 σὺ
370 813 403 854 δ’
430 814 497 855 οὐκ
523 814 690 868 ἕφραζες
717 818 791 866 σῆς
816 817 1072 868 προκείμενον
1097 815 1211 857 νέκυν

294 882 487 932 γυναικός,
515 881 620 922 ἀλλά
644 881 683 932 μ’
709 881 877 933 ἐξένιζες
903 883 943 923 ἐν
969 883 1114 934 δόμοις.

293 947 344 989 ὡς
368 947 413 998 δὴ
441 948 596 1000 θυραίου
620 947 797 1000 πήματος
824 948 999 999 σπουδὴν
1025 950 1141 1003 ἔχων.

293 1014 478 1067 κᾶστεψα
504 1017 624 1067 κρᾶτα
650 1015 712 1055 καὶ
737 1017 840 1056 θεοῖς
866 1015 1088 1067 ἐλειψάμην
1434 1031 1513 1062 1015

292 1083 467 1123 σπονδὰς
492 1083 534 1121 ἐν
559 1083 680 1123 οἵκοις
705 1084 945 1134 δυστυχοῦσι
970 1085 1075 1122 τοῖσι
1101 1086 1199 1124 σοῖς.

292 1148 354 1188 καὶ
378 1147 583 1200 μέμφομαι
606 1147 691 1198 μέν,
717 1147 934 1200 μέμφομαι,
962 1149 1096 1189 παθὼν
1121 1148 1226 1195 τάδε,

290 1213 334 1254 οὐ
356 1213 434 1265 μήν
460 1231 508 1255 σε
532 1218 672 1255 λυπεῖν
697 1216 740 1256 ἐν
766 1219 920 1256 κακοῖσι
944 1215 1156 1266 βούλομαι.

288 1281 342 1321 ὧν
368 1280 401 1321 δ’
427 1280 557 1334 οὕνεχ’
583 1281 662 1331 ἥκω
688 1281 788 1333 δεῦρ’
813 1281 1070 1334 ὑποστρέψας
1094 1281 1216 1323 πάλιν

287 1346 403 1398 λέξω.
474 1351 638 1400 γυναῖκα
662 1347 777 1399 τήνδε
801 1365 866 1399 μοι
892 1352 1029 1403 σῷσον
1054 1348 1208 1400 λαβών,
1427 1362 1511 1385 1020

287 1415 360 1456 ἕως
383 1414 431 1455 ἂν
456 1415 597 1456 ἵππους
622 1417 733 1466 δεῦρο
760 1416 936 1471 Θρῃκίας
961 1414 1068 1468 ἄγων

286 1480 402 1528 ἔλθω,
428 1481 617 1534 τύραννον
644 1482 847 1523 Βιστόνων
872 1482 1136 1523 κατακτανών.

285 1547 435 1600 πράξας
459 1548 490 1588 δ’
516 1547 536 1588 ὃ
561 1548 612 1599 μὴ
639 1547 1098 1602 τύχοιμι-νοστήσαιμι
1121 1548 1255 1601 γάρ-

284 1616 421 1665 δίδωμι
444 1614 560 1664 τήνδε
585 1618 697 1656 σοῖσι
722 1619 966 1667 προσπολεῖν
991 1616 1135 1666 δόμοις.

282 1685 419 1736 πολλῷ
445 1684 487 1722 δὲ
510 1682 647 1736 μόχθῳ
671 1686 806 1735 χεῖρας
831 1681 952 1732 ἦλθεν
977 1683 1030 1724 εἰς
1057 1681 1165 1733 ἐμάς·
1420 1694 1504 1725 1025

281 1748 416 1800 ἀγῶνα
439 1750 513 1800 γὰρ
538 1747 741 1799 πάνδημον
767 1749 932 1801 εὑρίσκω
957 1751 1066 1791 τινὰς

280 1814 469 1860 τιθέντας,
497 1816 734 1866 ἀθληταῖσιν
758 1814 869 1866 ἄξιον
893 1816 1028 1862 πόνον,

279 1881 369 1922 ὅθεν
396 1882 536 1933 κομίζω
562 1881 678 1932 τήνδε
702 1881 905 1934 νικητήρια

277 1948 432 1998 λαβών·
468 1950 517 1988 τὰ
540 1951 612 2000 μὲν
638 1951 712 2001 γὰρ
738 1952 865 2001 κοῦφα
889 1953 969 1991 τοῖς
995 1952 1157 1990 νικῶσιν
1182 1946 1229 1998 ἧν

278 2015 419 2057 ἵππους
443 2015 624 2067 ἄγεσθαι,
651 2019 757 2056 τοῖσι
781 2015 812 2056 δ’
838 2016 885 2056 αὖ
909 2017 956 2055 τὰ
979 2016 1138 2067 μείζονα
1416 2026 1500 2057 1030

225 2116 306 2146 1005
324 2109 423 2148 φῆμαι
437 2118 556 2138 omnes
641 2110 723 2139 1006
740 2113 795 2140 Χο.
815 2108 919 2148 praef.
934 2109 959 2138 L
972 2108 998 2138 P
1011 2108 1057 2138 B:
1077 2107 1181 2138 om.V
1272 2116 1354 2145 1009
1371 2106 1500 2146 μομφὰς

179 2150 204 2180 L
216 2150 244 2180 Β
256 2154 299 2184 Σῖ
324 2152 445 2192 μορφὰς
461 2152 491 2182 V
503 2152 529 2182 P
651 2162 732 2190 1017
757 2152 816 2192 μέν
832 2151 919 2183 VB:
945 2151 982 2189 δή
1000 2151 1048 2181 L:
1073 2150 1109 2183 δέ
1126 2150 1152 2180 Ρ
1266 2160 1345 2180 1021
1372 2149 1499 2190 θρήῖκας

179 2193 242 2223 LP
273 2194 364 2229 <Aous
403 2204 568 2234 suprascr.
603 2194 626 2236 l)
764 2205 845 2233 1024
869 2197 1067 2236 προσπολεῖν
1089 2193 1182 2224 VB:
1213 2193 1399 2235 πρόσπολον
1424 2192 1496 2222 LP.

178 2237 227 2267 De
245 2241 268 2270 Σ
285 2247 353 2267 non
370 2237 474 2277 liquet
609 2247 691 2277 1025
714 2241 846 2271 πολλῶν
863 2238 897 2270 δὲ
913 2238 1044 2278 μόχθων
1059 2237 1138 2275 ἦλθε
1155 2239 1265 2278 χεῖρας
1282 2238 1326 2269 εἷς
1343 2235 1418 2276 ἐμάς
1434 2236 1459 2265 L
1472 2235 1498 2265 Ρ

179 2289 258 2319 1027
292 2280 390 2313 πόνον
416 2281 468 2312 V:
499 2281 604 2314 πόνων
633 2281 771 2313 BOD:
803 2281 898 2314 πόνου
929 2281 992 2312 LP
1165 2290 1248 2319 1030
1280 2279 1318 2312 αὖ
1344 2280 1385 2311 τὰ
1413 2278 1499 2309 LPz

177 2325 253 2356 αὐτὰ
276 2324 306 2354 V
317 2324 345 2355 B
