1683 2732
202 439 283 476 Ma.

201 771 254 809 Ιο.

199 1172 280 1210 Μα.

197 1773 270 1819 Δη.

670 70 1059 108 ΗΡΑΚΛΕΙΔΑΙ

302 171 393 211 ἀλλ’
418 169 442 228 ᾗ
466 170 609 224 γένοιτ’
637 170 685 212 ἂν
711 171 972 223 ἐνδικωτέρως
997 171 1154 224 φράσω·

300 237 432 280 πάσας
457 239 635 290 ἀδελφὰς
659 240 782 288 τῆσδε
807 241 918 290 δεῦρο
943 238 1019 291 χρὴ
1047 242 1194 286 καλεῖν,

302 303 348 357 κᾷ
377 304 386 318 ’
411 304 434 354 ἡ
460 307 643 357 λαχοῦσα
669 303 870 360 θνῃσκέτω
897 304 1034 356 γένους
1058 306 1168 357 ὕπερ·

301 372 348 410 σὲ
373 370 405 410 δ’
433 370 477 410 οὐ
503 371 652 410 δίκαιον
678 374 883 411 κατθανεῖν
908 370 1000 411 ἄνευ
1024 371 1166 411 πάλου.

301 437 368 476 οὐκ
394 436 440 476 ἂν
466 436 621 488 θάνοιμι
646 443 694 494 τῇ
720 438 820 493 τύχῃ
846 437 1016 490 λαχοῦσ’
1043 439 1135 490 ἐγώ·

299 502 413 555 χάρις
437 505 511 556 γὰρ
537 503 580 543 οὐ
606 505 815 555 πρόσεστι·
853 503 905 554 μὴ
930 503 1062 560 λέξῃς,
1090 503 1218 556 γέρον.

299 569 404 616 ἀλλ’,
432 571 465 610 εἰ
488 572 560 620 μὲν
585 569 799 623 ἐνδέχεσθε
826 570 887 610 καὶ
912 570 1114 621 βούλεσθέ
1138 588 1204 622 μοι

299 638 474 688 χρῆσθαι
499 636 719 688 προθύμως,
746 636 817 686 τὴν
844 636 940 687 ἐμὴν
965 636 1102 689 ψυχὴν
1130 638 1206 689 ἐγὼ

299 702 431 754 δίδωμ’
459 705 604 743 ἑκοῦσα
627 702 766 749 τοῖσδ’,
795 704 1096 755 ἀναγκασθεῖσα
1122 703 1154 744 δ’
1179 704 1235 744 οὔ.

302 772 390 821 φεῦ·

297 835 355 875 ὅδ’
381 835 427 876 αὖ
451 837 573 888 λόγος
598 853 664 877 σοι
689 840 757 876 τοῦ
781 838 872 889 πρὶν
898 836 1186 890 εὐγενέστερος·

299 903 475 944 κάκεῖνος
500 901 547 952 ἦν
573 902 747 955 ἄριστος·
786 903 877 943 ἀλλ’
905 903 1136 957 ὑπερφέρεις

297 970 423 1025 τόλμῃ
448 986 490 1010 τε
516 970 669 1021 τόλμαν
696 971 756 1010 καὶ
781 972 888 1025 λόγῳ
914 975 1076 1025 χρηστῷ
1101 972 1237 1023 λόγον.

297 1035 342 1075 οὗ
366 1035 444 1087 μὴν
471 1036 616 1077 κελεύω
642 1036 679 1088 γ’
705 1036 784 1076 οὐδ’
809 1037 1028 1084 ἀπεννέπω),
1055 1035 1205 1084 τέκνον,

298 1104 484 1159 θνῄσκειν
509 1103 562 1142 σ’·
600 1103 799 1156 ἀδελφοὺς
826 1103 859 1143 δ’
885 1104 1056 1156 ὠφελεῖς
1081 1107 1256 1144 θανοῦσα
1281 1104 1386 1145 σούς.

300 1173 437 1222 σοφῶς
463 1170 647 1212 κελεύεις·
685 1170 736 1222 μὴ
763 1170 906 1227 τρέσῃς
930 1170 1152 1221 μιάσματος

297 1236 440 1288 τούμοῦ
463 1241 694 1291 μετασχεῖν,
723 1237 814 1278 ἀλλ’
840 1236 1056 1288 ἐλευθέρως
1081 1237 1199 1277 θάνω.

362 1304 458 1345 ἕπου
482 1303 535 1351 δέ,
564 1303 736 1356 πρέσβυ·
776 1310 828 1361 σῇ
854 1306 928 1356 γὰρ
953 1305 1129 1344 ἐνθανεῖν
1154 1305 1241 1357 χερὶ

296 1369 414 1410 θέλω·
451 1369 618 1413 πέπλοις
644 1373 685 1411 δὲ
711 1370 810 1421 σῶμ’
838 1370 931 1421 ἐμὸν
957 1371 1109 1422 κρύψον
1134 1371 1281 1422 παρών·

297 1437 381 1477 ἐπεὶ
406 1440 568 1489 σφαγῆς
593 1454 639 1490 γε
665 1437 762 1489 πρὸς
787 1437 831 1477 τὸ
858 1436 986 1477 δεινὸν
1011 1436 1084 1487 εἶμ’
1110 1437 1200 1488 ἐγώ,

296 1505 404 1555 εἴπερ
430 1503 587 1556 πέφυκα
612 1503 758 1556 πατρὸς
783 1504 902 1556 οὗπερ
928 1504 1104 1556 εὔχομαι.

298 1571 367 1610 οὐκ
392 1570 439 1610 ἂν
464 1571 652 1622 δυναίμην
678 1575 736 1626 σῷ
763 1570 1008 1622 παρεστάναι
1031 1570 1150 1623 μόρῳ.

329 1637 341 1651 X

270 1667 278 1676 .
297 1653 347 1676 συ
396 1636 405 1651 ’
432 1637 538 1677 ἀλλὰ
563 1641 675 1678 τοῦδε
699 1638 830 1694 χρῇζε,
859 1636 911 1688 μή
936 1636 974 1688 μ’
1002 1637 1043 1676 ἐν
1069 1636 1262 1688 ἀρσένων,

295 1703 386 1743 ἀλλ’
413 1705 454 1744 ἐν
479 1708 685 1756 γυναικῶν,
714 1705 856 1757 χερσὶν
883 1705 1095 1744 ἐκπνεῦσαι
1118 1704 1224 1754 βίον.

289 1769 402 1809 ἔσται
426 1770 522 1816 τάδ’,
549 1769 578 1810 (T)
603 1770 770 1811 τάλαινα
795 1770 1012 1823 παρθένων,
1040 1770 1124 1811 ἐπεὶ

295 1837 408 1887 κάμοὶ
434 1837 512 1876 τόδ’
539 1838 722 1890 αἰσχρόν,
749 1836 801 1888 μή
828 1855 875 1878 σε
901 1839 1135 1888 κοσμεῖσθαι
1162 1839 1302 1881 καλῶς,

294 1907 456 1943 πολλῶν
483 1904 602 1950 ἕκατι,
630 1906 699 1954 τῆς
723 1921 766 1944 τε
792 1906 865 1954 σῆς
891 1903 1084 1956 εὐψυχίας

295 1970 357 2009 καὶ
382 1973 450 2009 τοῦ
474 1971 634 2010 δικαίου·
672 1970 997 2021 τλημονεστάτην
1023 1972 1064 2010 δὲ
1091 1971 1138 2008 σὲ

294 2039 435 2076 πασῶν
460 2041 651 2089 γυναικῶν
679 2036 782 2077 εἶδον
808 2038 1031 2089 ὀφθαλμοῖς
1058 2035 1147 2088 ἐγώ.

1466 322 1525 352 545

1462 653 1526 683 550

1462 985 1522 1014 555

1460 1307 1522 1346 560

1458 1639 1519 1679 565

1455 1978 1518 2009 570

237 2137 300 2166 549
324 2127 494 2164 βούλοισθε
513 2127 539 2157 L
552 2127 595 2159 P:
622 2137 707 2159 corr.
724 2128 736 2157 l
844 2137 908 2167 550
932 2126 1078 2169 προθύμῳ
1097 2126 1228 2155 Barnes
1339 2132 1398 2162 551
1426 2122 1518 2160 τῆσδ’

388 2180 450 2209 557
476 2171 505 2202 σ’
526 2170 676 2201 Reiske:
700 2170 733 2212 γ’
754 2171 817 2201 LP
921 2170 947 2201 δ’
965 2170 1039 2200 add.
1061 2169 1194 2198 Barnes
1355 2167 1418 2205 558
1442 2176 1515 2204 sqq.

196 2171 221 2200 p

194 2215 241 2244 sic
259 2214 406 2252 disponit
424 2213 672 2244 Wilamowitz:
707 2226 736 2245 σ.
757 2214 909 2248 κελεύεις.
931 2213 1007 2244 ἀλλ’
1028 2237 1033 2243 .
1053 2233 1060 2241 .

1079 2235 1085 2241 .
1105 2211 1241 2250 πρέσβυ,
1258 2211 1302 2250 μὴ
1320 2211 1437 2251 τρέσας
1456 2234 1462 2240 .
1480 2233 1488 2239 .
1510 2232 1515 2238 .

195 2259 383 2297 μετασχεῖν·
409 2259 450 2298 σῇ
466 2257 528 2298 γὰρ
546 2265 640 2289 κ.τ.λ.
734 2259 796 2296 564
822 2260 867 2288 σῶ
884 2257 944 2296 lp:
970 2268 1007 2286 σε
1028 2255 1053 2284 L
1070 2266 1076 2284 t
1101 2255 1163 2292 σὴν
1182 2254 1207 2284 Ρ
1346 2255 1407 2292 567
1434 2259 1515 2290 Δημ.

196 2301 309 2330 Heath
324 2312 328 2331 :
356 2306 398 2331 10.
418 2300 443 2329 L
457 2299 482 2329 P
614 2301 675 2338 568
701 2302 861 2339 κοσμῆσαι
878 2299 890 2328 l

282 2364 361 2385 EUR.
385 2364 404 2384 ι.
1351 2354 1388 2382 12
