1683 2732
694 64 1007 102 ΑΛΚΗΣΤΙΣ

287 168 382 207 ὅταν
407 165 494 207 ποτ’
512 165 684 218 ’Άργους
709 167 847 218 διψίαν
872 165 974 206 ἔλθω
1000 167 1138 219 χθόνα.
1442 171 1507 212 560

186 236 257 274 Χο.
284 237 366 275 πῶς
390 233 458 273 οὖν
483 232 669 284 ἔκρυπτες
693 231 762 273 τὸν
786 233 960 285 παρόντα
986 233 1162 283 δαίμονα,

286 300 407 351 φίλου
430 299 623 350 μολόντος
647 299 799 350 ἀνδρός,
827 298 878 341 ὡς
903 298 1019 341 αὐτὸς
1042 299 1193 351 λέγεις;

186 369 254 406 Αδ.
281 367 349 406 οὐκ
373 365 421 406 ἄν
445 364 532 406 ποτ’
556 364 754 415 ἠθέλησεν
779 366 978 406 εἰσελθεῖν
1003 357 1157 417 δόμους,

283 433 317 472 εἶ
341 436 418 472 τῶν
443 433 547 482 ἐμῶν
570 448 607 472 τι
631 430 820 482 πημάτων
848 432 1053 484 ἐγνώρισε.

283 499 345 539 καὶ
370 503 423 553 τῷ
448 497 533 549 μέν,
560 497 680 549 οἶμαι,
708 501 809 551 δρῶν
834 497 918 539 τάδ’
946 498 991 538 οὐ
1015 502 1178 551 φρονεῖν
1204 502 1317 544 δοκῶ,
1440 501 1502 542 565

280 565 361 605 οὐδ’
387 564 538 605 αἰνέσει
560 581 623 615 με·
661 565 764 616 τάμὰ
788 564 820 605 δ’
846 565 915 605 οὐκ
941 566 1150 605 ἐπίσταται

279 631 443 683 μέλαθρ’
468 632 640 672 ἀπωθεῖν
664 631 744 672 οὐδ’
770 631 969 683 ἀτιμάζειν
995 630 1141 682 ξένους.

180 733 251 770 Χο.
277 728 307 770 ὦ
332 730 564 781 πολύξεινος
589 730 651 770 καὶ
678 731 883 782 ἐλεύθερος
908 730 1048 783 ἀνδρὸς
1067 731 1132 770 ἀεί
1147 729 1233 770 ποτ’
1255 729 1371 775 οἶκος,
1396 725 1498 781 [στρ.

280 797 328 838 σέ
351 814 411 837 τοι
437 797 498 838 καὶ
523 798 543 836 ὁ
569 797 717 839 Πύθιος
743 798 910 850 εὐλύρας
933 797 1148 839 Ἀπόλλων
1436 807 1498 838 570

342 862 490 914 ἠξίωσε
515 865 650 911 ναίειν,

279 931 376 972 ἔτλα
401 932 441 971 δὲ
467 935 578 971 σοῖσι
601 931 828 982 μηλονόμας

345 999 387 1038 ἐν
411 997 544 1048 δόμοις
569 997 769 1049 γενέσθαι,

276 1066 442 1117 δοχμιᾶν
468 1065 531 1104 διὰ
557 1064 724 1104 κλιτύων
1437 1072 1498 1104 575

277 1129 510 1181 βοσκήμασι
537 1134 648 1171 σοῖσι
675 1131 841 1182 συρίζων

342 1198 549 1248 ποιμνίτας
572 1197 789 1248 ὑμεναίους.

276 1296 350 1337 σὺν
367 1296 398 1336 δ’
419 1297 693 1347 ἐποιμαίνοντο
709 1301 813 1350 χαρᾷ
827 1295 981 1346 μελέων
999 1295 1144 1347 βαλιαί
1160 1311 1203 1336 τε
1218 1294 1373 1346 λύγκες,
1396 1289 1495 1345 [ἀντ.

276 1362 354 1413 ἔβα
378 1364 419 1404 δὲ
443 1362 604 1403 λιποῦσ’
623 1361 797 1414 ”Οθρυος
822 1361 950 1402 νάπαν
974 1362 1149 1402 λεόντων
1436 1364 1496 1402 530

340 1430 365 1469 ἃ
388 1428 575 1481 δαφοινὸς
599 1430 680 1469 ἵλα·

274 1496 444 1549 χόρευσε
469 1495 501 1536 δ’
527 1495 630 1548 ἀμφὶ
655 1497 733 1536 σὰν
759 1494 933 1548 κιθάραν,

342 1565 483 1613 Φοῖβε,
510 1561 760 1614 ποικιλόθριξ

273 1628 417 1680 νεβρὸς
440 1629 648 1681 ὑψικόμων
673 1627 796 1681 πέραν
1434 1630 1494 1669 585

272 1694 459 1746 βαίνουσ’
485 1697 630 1736 ἐλατᾶν
655 1698 795 1749 σφυρῷ
822 1694 969 1748 κούφῳ,

340 1761 521 1815 χαίρουσ’
548 1761 710 1814 εὔφρονι
733 1766 881 1815 μολπᾷ.

272 1864 409 1915 τοιγὰρ
435 1861 765 1913 πολυμηλοτάταν
1391 1853 1492 1908 [στρ.

274 1931 412 1970 ἑστίαν
437 1929 557 1971 οἰκεῖς
580 1930 685 1981 παρὰ
711 1929 926 1968 καλλίναον

274 1995 443 2047 Βοιβίαν
468 1996 625 2046 λίμναν.
698 1995 852 2046 ἀρότοις
877 1996 918 2034 δὲ
944 1995 1041 2045 γυᾶν
1428 2001 1491 2031 590

215 2090 280 2127 560
304 2089 382 2120 ὅταν
397 2088 469 2120 ποτ’
487 2088 517 2118 V
531 2087 558 2118 Β
575 2099 582 2118 :
607 2088 744 2129 ὅτανπερ
763 2087 788 2117 1.
802 2086 828 2116 Ρ
939 2086 1001 2123 565
1026 2083 1078 2115 καί
1093 2096 1137 2122 τῳ
1156 2082 1271 2112 Heath
1383 2081 1447 2119 569
1469 2080 1492 2111 ὦ

171 2132 203 2162 Ι;
228 2133 263 2164 ἰώ
281 2132 376 2163 codd.
479 2130 645 2173 ἐλευθέρου
662 2135 737 2171 post
755 2129 972 2169 Purgoldium
990 2126 1168 2157 NVecklein
1326 2134 1388 2162 572
1414 2124 1493 2154 ἔτλα

174 2175 336 2206 Matthiae
353 2186 360 2206 τ
385 2175 465 2213 ἔτλη
482 2175 578 2206 codd.
733 2183 794 2212 574
819 2173 943 2212 δόμοισι
960 2171 989 2200 V
1153 2178 1214 2207 577
1239 2168 1415 2206 ποιμνήτας
1431 2166 1455 2196 Ι.
1468 2166 1493 2195 P

171 2219 235 2257 582
262 2218 401 2260 χόρευσε
424 2218 528 2248 Monk
545 2230 551 2249 :
584 2217 738 2259 ἐχόρευσε
763 2217 860 2247 codd.
1025 2213 1088 2251 588
1118 2213 1230 2252 τοιγὰρ
1249 2212 1273 2241 L
1288 2211 1314 2240 P
1329 2211 1354 2239 B
1368 2214 1410 2258 Σ·
1442 2222 1490 2240 τοι

170 2262 232 2303 ’γάρ
249 2275 299 2293 τοι
316 2261 345 2291 V
500 2262 565 2301 589
596 2262 692 2293 οἰκεῖς
710 2260 807 2291 codd.
826 2265 858 2290 et
875 2263 898 2291 Σ
918 2257 990 2297 (sed
1008 2257 1129 2288 τίθεται
1146 2259 1179 2286 et
1200 2254 1345 2296 κρατύνει
1368 2252 1466 2292 mssa)
1486 2263 1491 2281 :

172 2307 254 2337 οἰκεῖ
268 2304 413 2343 Pax-gold
