1651 2780
609 107 957 147 ΕΥΡΙΠΙΔΟΥ

215 211 457 264 ἐξευρήσεις,·

216 278 267 321 ὡς
292 281 346 321 εἷς
371 279 518 332 ἄπορόν
544 297 591 321 σε
618 281 797 322 κλύδωνα
821 282 921 327 θεός,

282 345 450 397 Μήδεια,
479 351 608 388 κακῶν
634 348 836 399 ἐπόρευσε.

117 412 197 462 Μη.
215 417 340 455 κακῶς
364 413 582 466 πέπρακται
607 420 804 471 πανταχῇ·
840 415 898 456 τίς
923 415 1093 467 ἀντερεῖ;

216 479 308 520 ἀλλ’
333 480 414 521 οὔτι
439 481 558 537 ταύτῃ
583 484 717 527 ταῦτα,
744 481 797 532 μὴ
824 480 973 521 δοκεῖτέ
993 498 1067 521 πω.
1382 485 1443 526 365

216 546 270 587 ἔτ’
297 546 371 587 εἴσ’
396 548 546 599 ἀγῶνες
571 551 653 590 τοῖς
679 548 822 589 νεωστὶ
848 549 1031 600 νυμφίοις

217 614 278 653 καὶ
302 617 408 654 τοῖσι
433 615 674 665 κηδεύσασιν
700 614 744 654 οὐ
769 614 926 666 σμικροὶ
950 615 1077 654 πόνοι.

215 682 342 721 δοκεῖς
367 682 441 732 γὰρ
466 680 513 721 ἄν
538 698 586 731 με
611 682 725 722 τόνδε
751 681 956 721 θωπεῦσαί
977 697 1085 727 ποτε,

217 747 250 786 εἰ
273 745 324 796 μή
349 763 387 786 τι
412 748 693 798 κερδαίνουσαν
717 745 740 797 ἢ
765 747 1037 801 τεχνωμένην;

215 811 294 853 οὐδ’
320 811 367 853 ἂν
393 817 612 865 προσεῖπον
639 814 718 854 οὐδ’
744 814 792 855 ἂν
815 813 983 866 ἡψάμην
1006 818 1156 869 χεροῖν.
1382 827 1445 859 370

216 877 236 918 ὃ
261 878 293 918 δ’
320 880 359 920 ἐς
383 884 575 920 τοσοῦτον
600 882 748 933 μωρίας
773 881 952 932 ἀφίκετο,

216 944 311 985 ὥστ’
337 944 427 996 ἐξὸν
452 946 554 1000 αὐτῷ
580 946 667 997 τᾶμ’
694 949 800 988 ἑλεῖν
824 947 1079 998 βουλεύματα

218 1013 289 1064 γῆς
315 1013 541 1063 ἐκβαλόντι,
570 1012 677 1063 τήνδ’
703 1014 855 1066 ἀφῆκεν
879 1013 1029 1066 ἡμέραν

215 1079 348 1129 μεῖναί
368 1078 422 1129 μ’,
449 1080 490 1119 ἐν
514 1077 541 1135 ᾗ
565 1084 669 1132 τρεῖς
693 1083 771 1121 τῶν
797 1081 901 1131 ἐμῶν
927 1082 1079 1134 ἐχθρῶν
1103 1080 1262 1132 νεκροὺς

216 1143 338 1196 θήσω,
366 1144 514 1198 πατέρα
538 1163 580 1187 τε
607 1147 668 1187 καὶ
695 1147 813 1199 κόρην
838 1147 959 1188 πόσιν
983 1146 1017 1186 τ’
1043 1146 1150 1197 ἐμόν.
1384 1158 1446 1191 375

282 1211 438 1253 πολλὰς
463 1210 495 1251 δ’
521 1211 671 1265 ἔχουσα
695 1213 938 1263 θανασίμους
963 1211 1095 1254 αὐτοῖς
1120 1210 1245 1259 ὁδούς,

218 1279 287 1319 οὐκ
312 1278 384 1319 οἶδ’
411 1279 526 1332 ὁποίᾳ
552 1282 706 1330 πρῶτον
733 1280 912 1332 ἐγχειρῶ,
943 1279 1073 1330 φίλαι·

218 1345 384 1396 πότερον
409 1344 561 1397 ὑφάψω
588 1347 697 1395 δῶμα
721 1344 916 1397 νυμφικὸν
940 1346 1043 1397 πυρί,

217 1408 241 1461 ἢ
268 1411 410 1462 θηκτὸν
436 1412 528 1451 ὤσω
554 1411 766 1464 φάσγανον
792 1411 840 1452 δι’
864 1412 1026 1461 ἥπατος,

220 1483 316 1534 σιγῇ
341 1479 480 1528 δόμους
507 1477 670 1528 ἐσβᾶσ’,
697 1478 745 1518 ἵν’
772 1478 965 1529 ἕστρωται
989 1477 1122 1531 λέχος.
1383 1483 1446 1523 380

219 1543 312 1584 ἀλλ’
337 1544 380 1584 ἕν
404 1546 445 1585 τί
464 1561 532 1595 μοι
556 1544 788 1596 πρόσαντες·
828 1546 860 1585 εἰ
885 1543 1147 1596 ληφθήσομαι

219 1611 360 1661 δόμους
385 1611 689 1662 ὑπεσβαίνουσα
715 1611 776 1651 καὶ
800 1610 1042 1665 τεχνωμένη,

220 1680 397 1718 θανοῦσα
420 1676 530 1728 θήσω
556 1682 637 1719 τοῖς
662 1679 769 1728 ἐμοῖς
794 1679 952 1731 ἐχθροῖς
977 1676 1119 1730 γέλων.

222 1743 410 1797 κράτιστα
432 1744 503 1794 τὴν
527 1744 690 1791 εὐθεῖαν,
716 1742 744 1800 ᾗ
767 1745 997 1796 πεφύκαμεν

222 1812 347 1863 σοφαὶ
371 1810 561 1862 μάλιστα,
590 1810 810 1864 φαρμάκοις
835 1811 973 1853 αὐτοὺς
999 1814 1117 1852 ἑλεῖν.
1386 1815 1447 1854 385

222 1878 313 1918 εἶὲν·

222 1945 283 1984 καὶ
308 1943 353 1995 δὴ
378 1947 554 1985 τεθνᾶσι·
592 1946 649 1986 τίς
673 1962 721 1995 με
745 1943 899 1996 δέξεται
923 1944 1057 1991 πόλις,·

164 2036 223 2074 361
253 2037 431 2077 ἐξευρήσεις
449 2037 584 2068 damnat
602 2036 752 2077 Elmsley
856 2038 919 2076 365
944 2036 1007 2076 πω]
1025 2049 1089 2068 πως
1105 2035 1136 2066 V
1235 2035 1297 2075 367
1323 2036 1449 2077 σμικροὶ

123 2079 210 2110 LP:
238 2081 341 2120 μικροὶ
363 2080 485 2110 AVB.
534 2081 583 2111 Cf.
606 2091 635 2111 v.
664 2091 722 2119 171
880 2081 944 2119 368
972 2081 1010 2111 ἂν
1030 2089 1094 2110 om.
1115 2078 1146 2109 A
1255 2078 1352 2118 ποτε]
1375 2078 1447 2110 ποτ’

122 2123 160 2153 ἂν
174 2122 199 2151 L
214 2121 240 2152 P
365 2133 428 2162 373
454 2126 574 2164 ἐφῆκεν
591 2124 708 2154 Nauck
827 2132 890 2162 375
917 2136 953 2154 τε
975 2133 1037 2153 om.
1057 2122 1087 2152 V
1197 2122 1260 2161 378
1289 2121 1399 2162 ἐφάψω
1417 2120 1449 2151 Α

122 2166 186 2204 380
217 2164 275 2197 ὧδε
301 2169 407 2199 καλῶς
436 2169 548 2199 κεῖται.
612 2167 749 2206 Δίδυμος
781 2169 969 2206 σημειοῦται
1003 2167 1053 2197 ὅτι
1084 2168 1187 2197 κακῶς
1221 2166 1250 2196 οἱ
1284 2165 1448 2206 ὑποκριταὶ

122 2208 308 2241 τάσσουσιν.
340 2213 374 2243 Σ.
403 2210 454 2241 Cf.
483 2215 550 2241 not.
585 2211 627 2241 ad
655 2212 719 2250 356
880 2211 943 2248 382
979 2209 1219 2245 ὑπεσβαίνουσα
1249 2207 1446 2238 Housman:

125 2253 360 2293 ὑπερβαίνουσα
375 2254 471 2286 codd.
593 2254 656 2293 384
682 2253 820 2294 εὐθεῖαν]
838 2253 955 2294 σοφίαν
971 2251 1002 2281 Α
1120 2252 1184 2292 385
1209 2252 1307 2292 σοφαὶ
1325 2251 1421 2281 codd·
1441 2261 1447 2281 :

124 2296 218 2371 ιέἕφοὶ
233 2296 354 2370 ΞΞΙΖΕΙ
513 2299 602 2331 ἑλεῖν
613 2296 718 2328 AVB
728 2310 780 2339 γρ.
795 2297 827 2328 l:
848 2299 977 2329 κτανεῖν
990 2295 1018 2326 L
1027 2294 1079 2326 Pv
1255 2295 1320 2334 386
1338 2293 1447 2336 πόλις]

160 2351 217 2378 μσς
