1683 2732
622 76 938 113 ΑΛΚΗΣΤῙΣ

219 181 354 233 ψυχῆς
379 179 621 228 ἀπαντλοίην
647 177 706 218 ἄν.
767 179 808 218 ἐν
834 177 866 217 δ’
892 178 1069 230 ὀνείρασι
1119 181 1129 187 ’

221 244 403 298 φοιτῶσά
426 244 464 296 μ’
490 244 714 296 εὐφραίνοις
738 243 799 284 ἄν·
836 244 907 294 ἡδὺ
932 246 1007 296 γὰρ
1034 245 1178 296 φίλους

222 313 293 353 κᾶν
318 311 425 352 νυκτὶ
449 311 652 357 λεύσσειν,
679 309 798 351 ὅντιν’
823 309 871 351 ἂν
896 316 1000 367 παρῇ
1025 311 1182 364 χρόνον.

221 380 254 418 εἰ
280 378 313 418 δ’
338 376 520 430 Ὀρφέως
543 394 610 428 μοι
633 380 806 429 γλῶσσα
830 377 893 417 καὶ
916 376 1037 428 μέλος
1061 379 1201 430 παρῆν,

221 444 317 484 ὥστ’
341 441 365 494 ἢ
391 444 508 496 κόρην
535 442 742 495 Δήμητρος
766 440 789 493 ὴ
817 445 944 493 κείνης
969 444 1089 484 πόσιν

219 512 378 562 ὕμνοισι
405 509 634 560 κηλήσαντά
659 510 697 549 cr‘
725 508 770 560 ἐξ
783 508 921 550 θἈιδου
944 514 1104 561 λαβεῖν,

225 579 420 628 κατῆλθον
446 576 505 623 ἄν,
534 578 600 617 καί
620 576 659 628 μ’
684 576 765 617 οὔθ’
791 577 811 616 ὁ
836 576 1077 618 Πλούτωνος
1102 577 1202 617 κύων

223 643 305 684 οὗθ’
331 644 421 685 οὑπὶ
447 644 555 700 κώπῃ
580 643 849 697 ψυχοπομπὸς
873 642 922 683 ἂν
946 643 1091 696 Χάρων

226 711 362 764 ἔσχον,
389 710 481 763 πρὶν
505 711 545 752 ἐς
571 714 656 763 φῶς
681 710 755 750 σὸν
781 712 1027 760 καταστῆσαι
1053 711 1158 761 βίον.

224 776 315 817 ἀλλ’
342 777 408 818 οὖν
435 778 565 818 ἐκεῖσε
589 777 791 829 προσδόκα
814 776 867 828 μ’,
893 777 988 817 ὅταν
1014 776 1132 823 θάνω,

227 844 288 884 καὶ
313 843 408 894 δῶμ’
435 843 623 895 ἑτοίμαζ’,
651 843 701 885 ὡς
727 842 1024 893 συνοικήσουσά
1048 860 1127 894 μοι.

226 911 269 951 ἐν
293 914 422 950 ταῖσιν
448 910 582 952 αὐταῖς
607 909 682 962 γάρ
705 909 745 961 μ’
772 909 987 962 ἐπισκήψω
1014 909 1163 962 κέδροις

226 978 291 1017 σοὶ
315 976 457 1017 τούσδε
482 979 606 1017 θεῖναι
631 975 781 1029 πλευρά
805 976 837 1015 τ’
862 977 1032 1016 ἐκτεῖναι
1057 976 1181 1018 πέλας

226 1047 434 1095 πλευροῖσι
459 1046 540 1084 τοῖς
566 1046 665 1084 σοῖς·
701 1043 799 1092 μηδὲ
824 1044 899 1094 γὰρ
924 1042 1052 1083 θανών
1077 1059 1171 1083 ποτε

228 1113 300 1149 σοῦ
325 1110 444 1162 χωρὶς
470 1110 552 1159 εἵην
576 1110 644 1159 τῆς
666 1109 788 1159 μόνης
812 1110 956 1159 πιστῆς
982 1110 1079 1160 ἐμοί.

128 1179 200 1216 Χο.
229 1177 290 1216 καὶ
314 1175 391 1226 μὴν
417 1176 492 1227 ἐγώ
520 1192 585 1215 σοι
610 1175 751 1216 πένθος
777 1174 828 1217 ὡς
854 1177 974 1227 φίλος
999 1177 1105 1230 φίλῳ

227 1241 378 1294 λυπρὸν
403 1243 576 1282 συνοίσω
601 1244 735 1292 τῆσδε·
774 1241 836 1281 καὶ
861 1243 937 1293 γὰρ
961 1240 1064 1292 ἀξία.

129 1312 202 1349 Αλ.
228 1306 257 1347 ὦ
284 1310 430 1354 παῖδες,
458 1307 567 1348 αὐτοὶ
592 1307 637 1357 δὴ
663 1307 745 1347 τάδ’
773 1308 1033 1358 εἰσηκούσατε

228 1374 374 1427 πατρὸς
397 1374 586 1426 λέγοντος
610 1374 662 1424 μὴ
687 1378 829 1426 γαμεῖν
853 1373 982 1424 ἄλλην
1006 1377 1100 1415 ποτὲ

329 1440 566 1456 „„„„„„
1020 1441 1028 1454 ι

130 1510 200 1549 Αδ.
228 1509 290 1549 καὶ
315 1511 383 1549 νῦν
408 1507 455 1560 γέ
480 1512 592 1559 φημι,
622 1507 683 1547 καὶ
707 1506 933 1558 τελευτήσω
958 1506 1062 1547 τάδε.

132 1578 205 1615 Αλ.
228 1575 291 1615 ἐπὶ
316 1577 451 1615 τοῖσδε
476 1577 617 1616 παῖδας
641 1574 773 1627 χειρὸς
802 1573 848 1624 ἐξ
870 1575 964 1624 ἐμῆς
991 1573 1122 1626 δέχου.

132 1644 201 1681 Αδ.
228 1640 405 1694 δέχομαι,
433 1642 554 1693 φίλον
579 1658 624 1693 γε
650 1643 774 1693 δῶρον
801 1642 842 1681 ἐκ
868 1641 989 1693 φίλης
1014 1641 1143 1693 χερός.

133 1711 206 1747 Αλ.
228 1707 278 1748 σὺ
302 1711 370 1748 νῦν
394 1711 510 1760 γενοῦ
534 1707 660 1748 τοῖσδ’
688 1706 770 1748 ἀντ’
800 1708 893 1758 ἐμοῦ
915 1705 1040 1759 μήτηρ
1066 1706 1228 1748 τέκνοις.

134 1777 203 1815 Αδ.
229 1773 361 1824 πολλή
385 1774 424 1825 μ’
450 1773 612 1826 ἀνάγκη,
641 1778 713 1814 σοῦ
737 1773 772 1826 γ’
798 1772 1145 1825 ἀπεστερημένοις.

135 1843 208 1880 Αλ.
231 1838 259 1880 ὧ
284 1839 400 1886 τέκν’,
428 1841 492 1881 ὅτε
521 1841 594 1891 ζῆν
618 1843 720 1894 χρῆν
744 1839 797 1891 μ’,
825 1840 1047 1893 ἀπέρχομαι
1073 1839 1187 1880 κάτω.

135 1909 205 1947 Αδ.
232 1908 348 1958 οἴμοι,
375 1908 416 1947 τί
437 1907 569 1958 δράσω
595 1909 691 1957 δῆτα
716 1911 790 1947 σοῦ
813 1907 1073 1957 μονούμενος,·

137 1976 209 2013 Αλ.
231 1974 373 2026 χρόνος
397 1972 565 2024 μαλάξει
591 1973 641 2013 σ’·
679 1973 790 2015 οὐδέν
815 1973 900 2014 ἐσθ’
927 1975 947 2012 ὁ
974 1973 1185 2013 κατθανών.

1384 257 1444 289 355

1387 581 1447 620 360

1389 913 1449 952 365

1393 1253 1454 1285 370

1395 1585 1455 1617 375

1397 1910 1458 1948 380

179 2074 241 2104 355
273 2066 385 2107 φίλους
416 2065 468 2095 V:
508 2066 615 2107 φίλοις
649 2065 752 2096 LPB
944 2066 1009 2104 356
1040 2063 1175 2105 χρόνον]
1207 2063 1327 2106 τρόπον
1358 2063 1457 2094 Prinz

136 2109 201 2147 358
225 2109 302 2140 ὥστ’
316 2109 336 2147 ἢ
352 2108 499 2140 Reiske:
526 2110 566 2141 ὡς
582 2110 644 2148 τὴν
660 2110 757 2140 codd.
773 2109 821 2147 (et
838 2113 862 2142 Σ
874 2110 898 2149 2)
1003 2109 1063 2147 361
1090 2106 1219 2149 Χάρων]
1232 2108 1336 2148 ’γέρων
1349 2106 1459 2137 Cobet

137 2153 199 2190 362
225 2151 324 2191 ἔσχεν
341 2151 440 2183 Earle
537 2154 612 2192 367,
630 2154 694 2192 368
718 2152 768 2183 Cf.
788 2152 847 2182 Ar
867 2152 1016 2183 Acharn,
1037 2152 1101 2190 893

1189 2160 1253 2190 372
1277 2149 1356 2181 ποτὲ

1374 2149 1457 2180 LP:

137 2195 210 2226 τινὰ
226 2193 254 2224 V
266 2194 293 2224 Β
310 2199 344 2225 et
360 2195 504 2226 fortasse
521 2201 545 2229 Σ
561 2196 604 2227 ad
620 2207 650 2227 v.
670 2205 733 2235 375
881 2197 945 2234 376
970 2205 1033 2226 om.
1054 2194 1079 2224 L
1093 2193 1118 2223 P
1136 2194 1184 2234 (in
1203 2203 1296 2232 marg
1297 2193 1399 2224 ..add
1418 2192 1456 2232 l).

132 2239 217 2269 Tum
235 2239 268 2269 in
287 2238 314 2269 L
329 2237 495 2271 Alcestidi
514 2238 707 2270 tribuuntur
722 2247 776 2269 vv,
796 2246 871 2276 375,
889 2245 951 2275 377
1072 2235 1134 2273 378
1158 2235 1266 2272 πολλή
1282 2248 1304 2274 μ
1334 2233 1458 2263 Monk

133 2282 239 2320 πολλή
255 2283 287 2323 ’γ’
305 2282 403 2314 codd.
549 2292 614 2322 379
637 2283 720 2323 χρῆν
737 2279 769 2320 μ’
787 2280 842 2310 O·
836 2303 842 2309 .
866 2280 930 2320 χρὴ
947 2279 979 2318 μ’
998 2277 1027 2307 V
1040 2277 1089 2308 B:
1113 2278 1145 2316 μ’
1164 2279 1264 2318 ἐχρῆν
1283 2278 1307 2307 1
1320 2277 1366 2306 Ρ
1369 2276 1431 2306 Ρ
1425 2286 1455 2305 ιη

132 2327 215 2363 ras.)
