1651 2780
619 147 965 186 ΕΎῬΙΠΙΔΟΎ

124 255 182 292 Σι.
225 255 394 303 φροῦδος
419 252 516 305 πρὸς
544 253 666 308 Αἴτνῃ
694 254 813 304 θῆρας
840 252 1006 306 ἰχνεύων
1033 253 1158 292 κυσίν.
1394 265 1455 298 130

124 321 195 359 Οδ.
223 318 326 359 οἶσθ’
353 319 420 360 οῦν
446 318 466 359 ὃ
492 322 651 371 δρᾶσον,
682 319 732 361 ὡς
759 319 986 371 ἀπαίρωμεν
1011 319 1174 372 χθονός;

125 388 182 425 Σι.
223 385 290 426 οὐκ
315 385 399 432 οἷδ’,
428 386 640 426 Ὀδυσσεῦ·
680 389 759 427 πᾶν
785 385 827 426 δέ
852 403 919 426 σοι
943 384 1118 441 δρῴημεν
1143 385 1203 426 ἄν.

123 455 195 493 Οδ.
221 453 367 503 ὅδησον
390 453 483 504 ἡμῖν
509 457 634 499 σῖτον,
662 453 706 493 οὗ
731 453 984 504 σπανίζομεν.

125 522 182 559 Σι.
222 519 290 560 οὐκ
317 521 440 566 ἔστιν,
468 521 604 572 ὥσπερ
630 520 754 567 εἶπον,
781 519 885 560 ἄλλο
911 519 1017 571 πλὴν
1044 518 1172 572 κρέας.

124 589 196 626 Οδ.
236 586 326 627 ἀλλ’
351 587 422 637 ἡδὺ
446 591 564 638 λιμοῦ
589 588 651 628 καὶ
677 588 765 628 τόδε
791 585 1017 640 σχετήριον.
1395 599 1456 631 135

124 657 182 693 Σι.
223 653 286 693 καὶ
310 653 424 705 τυρὸς
448 654 563 696 ὀπίας
587 653 673 694 ἔστι
700 654 761 694 καὶ
786 654 885 705 βοὸς
910 653 1029 706 γάλα.

123 723 194 761 Οδ.
223 720 422 772 ἐκφέρετε·
463 725 547 773 φῶς
573 723 646 773 γὰρ
674 720 953 772 ἐμπολήμασιν
979 720 1131 773 πρέπει.

124 790 182 827 Σι.
225 787 275 827 σὺ
300 787 332 828 δ’
357 788 599 834 ἀντιδώσεις,
627 787 712 829 εἰπέ
735 805 814 839 μοι,
841 787 992 842 χρυσὸν
1017 788 1164 835 πόσον;

124 857 195 895 Οδ.
223 855 267 895 οὐ
292 855 455 908 χρυσόν,
483 855 589 895 ἀλλὰ
614 859 730 906 πῶμα
757 856 955 896 Διονύσου
980 854 1101 908 φέρω.

125 924 182 961 Σι.
223 919 252 961 ὦ
279 921 439 973 φίλτατ’
465 922 598 969 εἰπών,
627 922 671 963 οὗ
693 923 935 973 σπανίζομεν
963 921 1098 963 πάλαι.
1396 934 1457 964 ¹40

124 991 196 1028 Οδ.
225 989 287 1029 καὶ
311 988 388 1039 μὴν
414 989 565 1041 Μάρων
590 1007 656 1040 μοι
682 989 782 1040 πῶμ’
808 989 939 1036 ἔδωκε,
969 992 1060 1031 παῖς
1085 991 1186 1030 θεοῦ.

125 1058 182 1095 Σι.
223 1054 267 1095 δν
293 1055 492 1108 ἐξέθρεψα
516 1056 645 1097 ταῖσδ’
670 1057 747 1108 ἐγώ
774 1056 858 1097 ποτ’
884 1055 1096 1108 ἀγκάλαις;

124 1125 196 1162 Οδ.
225 1123 244 1161 ὁ
271 1123 445 1176 Βακχίου
469 1127 573 1169 παῖς,
603 1124 654 1166 ὡς
680 1123 933 1176 σαφέστερον
958 1122 1096 1179 μάθῃς.

125 1192 182 1229 Σι.
225 1191 266 1230 ἐν
292 1189 492 1240 σέλμασιν
518 1191 615 1233 νεώς
643 1192 765 1237 ἐστιν,
793 1187 816 1241 ἢ
843 1190 977 1243 φέρεις
1002 1190 1054 1230 σύ
1078 1206 1157 1236 νιν;

125 1259 196 1296 Οδ.
224 1256 278 1296 ὅδ’
305 1257 439 1303 ἀσκός,
468 1256 510 1300 ὃς
537 1258 662 1299 κεύθει
688 1274 762 1299 νιν·
801 1258 852 1300 ὡς
877 1258 981 1313 ὁρᾷς,
1009 1256 1137 1309 γέρον.
1398 1269 1460 1300 545

127 1326 183 1363 Σι.
225 1323 337 1366 οὗτος
362 1326 434 1374 μὲν
460 1324 538 1365 οὐδ’
564 1325 611 1365 ἂν
636 1324 708 1375 τὴν
734 1324 881 1377 γνάθον
906 1323 1076 1374 πλήσειέ
1099 1340 1185 1375 μου.

125 1393 196 1431 Οδ.
224 1392 299 1431 ναί·

225 1458 282 1500 δὶς
308 1455 418 1510 <γὰρ>
444 1459 568 1499 τόσον
593 1458 693 1510 πῶμ’
718 1459 816 1499 ὅσον
841 1458 888 1499 ἂν
914 1456 959 1508 ἐξ
981 1458 1106 1498 ἀσκοῦ
1127 1457 1212 1514 ῥυῇ.

127 1528 184 1565 Σι.
227 1523 351 1575 καλήν
377 1542 422 1577 γε
448 1524 593 1578 κρήνην
619 1526 729 1567 εἶπας
754 1525 888 1576 ἡδεΐάν
913 1524 946 1564 τ’
973 1525 1071 1575 ἐμοί.

125 1594 196 1632 Οδ.
227 1592 357 1648 βούλῃ
385 1609 431 1633 σε
456 1593 587 1644 γεύσω
614 1596 767 1645 πρῶτον
791 1592 959 1644 ἄκρατον
982 1592 1098 1642 μέθυ;

127 1662 185 1698 Σι.
225 1660 386 1699 δίκαιον·
425 1658 448 1709 ἦ
473 1662 548 1712 γὰρ
573 1663 698 1711 γεῦμα
722 1659 794 1710 τὴν
819 1659 922 1710 ὠνὴν
950 1662 1073 1699 καλεῖ.
1399 1670 1461 1701 150

127 1728 198 1765 Οδ.
227 1727 288 1766 καὶ
313 1726 389 1777 μὴν
415 1726 572 1778 ἐφέλκω
600 1728 661 1767 καὶ
688 1726 824 1778 ποτῆρ’
850 1727 975 1766 ἀσκοῦ
998 1725 1109 1776 μέτα.

127 1794 186 1832 Σι.
218 1792 306 1845 φέρ’
334 1792 565 1844 ἐκπάταξον,
595 1793 644 1835 ὡς
671 1794 910 1844 ἀναμνησθῶ
937 1793 1050 1834 πιών.

127 1861 199 1899 Οδ.
228 1860 321 1900 ἰδού.
463 1863 520 1901 Σι.
594 1859 783 1911 παπαιάξ,
813 1860 863 1902 ὡς
890 1860 1016 1910 καλὴν
1041 1858 1170 1910 ὀσμὴν
1196 1860 1291 1912 ἔχει.

127 1928 199 1966 Οδ.
227 1925 326 1968 εἶδες
345 1928 418 1979 γὰρ
435 1926 572 1977 αὐτήν;
702 1931 761 1968 Σι.
823 1927 868 1968 οὐ
886 1929 939 1978 μὰ
961 1925 1043 1973 Δί’,
1063 1926 1153 1966 ἀλλ’
1173 1927 1460 1978 ὀσφραίνομαι.

127 1995 198 2033 Οδ.
226 1995 369 2045 γεῦσαί
391 2011 472 2041 νυν,
500 1994 550 2036 ὡς
575 1994 622 2035 ἂν
647 1994 697 2045 μὴ
726 1995 833 2049 λόγῳ
860 1994 1014 2051 ’παινῇς
1039 1994 1172 2044 μόνον.
1399 2005 1461 2036 Ι55

174 2097 235 2126 130
259 2090 379 2126 Αἴτνην
398 2088 526 2119 Reiske
715 2098 772 2128 131
800 2091 918 2129 δρᾶσον
939 2087 1076 2126 canter,
1105 2087 1143 2119 cs.
1169 2086 1280 2119 Sch01.
1305 2087 1347 2118 ad
1371 2085 1461 2117 Med.

127 2131 211 2161 600:
238 2131 363 2172 δράσεις
383 2132 407 2161 L
424 2131 449 2161 P
540 2132 708 2174 ἀπάρωμεν
720 2132 900 2163 Wecklein
1025 2141 1085 2170 132
1103 2130 1261 2173 δρῴημεν]
1280 2133 1463 2171 συνδρῷμεν

129 2174 256 2205 Dawes
415 2176 476 2214 136
500 2176 593 2216 Bobs]
613 2178 689 2208 Διὸς
714 2176 792 2207 citat
809 2176 888 2206 Ath.
912 2176 978 2205 xiv.
1000 2176 1063 2214 658
1076 2175 1122 2205 C:
1155 2176 1232 2206 πυὸς
1250 2173 1290 2205 G.
1313 2174 1357 2204 R.
1377 2173 1462 2203 Hol-

127 2217 205 2248 land
307 2228 365 2257 144
391 2219 553 2259 σέλμασιν
573 2220 736 2251 Dindors:
764 2218 904 2258 σέλμασι
924 2218 988 2248 LP
1081 2228 1140 2256 145
1167 2217 1264 2250 ἀσκός
1284 2217 1358 2254 LP,
1375 2226 1462 2249 corr.

129 2261 384 2293 Radermacher
514 2265 554 2295 ὡς
572 2263 663 2305 ὁρᾷς-ἶ
683 2264 809 2305 εἰσορᾷς
828 2263 947 2293 Nauck
1079 2272 1138 2300 147
1162 2263 1224 2303 γὰρ
1241 2261 1355 2291 addidi
1373 2272 1378 2291 :
1403 2260 1463 2290 sed

128 2305 272 2336 sortasse
291 2316 350 2345 pro
366 2308 414 2338 ναὶ
433 2307 651 2337 scribendum
668 2307 724 2344 ἔνι,
739 2312 771 2337 et
785 2307 949 2345 magicum
964 2311 1073 2336 utrem
1089 2315 1165 2336 esse
1180 2304 1458 2344 intellegendum.

128 2348 299 2379 Lacunam
318 2355 397 2380 ante
417 2350 449 2381 h.
462 2361 491 2381 v.
512 2350 626 2390 posuit
646 2349 763 2380 Nauck
866 2350 926 2388 148
950 2349 980 2381 τ’
999 2349 1068 2389 ἐμοί
1086 2348 1213 2380 Reiske
1230 2360 1236 2379 ;
1259 2349 1292 2389 γ’
1311 2347 1380 2387 ἐμοί
1397 2347 1424 2377 L
1437 2346 1463 2377 P

131 2401 190 2431 152
216 2392 411 2434 ἐκπάταξυν]
433 2393 608 2434 ἐγκάναξον
625 2393 769 2424 Pierson
788 2399 864 2433 post
880 2393 1142 2424 Valekenarium
1257 2401 1318 2432 153
1341 2389 1460 2431 ὀσμὴν]

126 2438 252 2477 μορφὴν
272 2437 401 2467 Reiske
