1651 2780
640 94 985 132 ΕΥΡΙΠΙΔΟΥ

248 197 293 238 τὸ
321 198 381 238 καὶ
405 196 629 249 προσέσθαι
654 197 881 248 μαλθακοὺς
906 199 1050 250 λόγους
1075 200 1203 250 φρενί.

249 267 427 318 χωρεῖτε,
454 266 602 310 παῖδες,
629 265 670 305 ἐς
696 265 849 314 δόμους.
921 266 996 318 ὅτῳ
1021 266 1063 305 δὲ
1085 264 1139 316 μὴ

250 330 358 382 θέμις
382 335 562 383 παρεῖναι
585 333 667 372 τοῖς
693 332 827 381 ἐμοῖσι
851 331 1033 381 θύμασιν,

249 397 351 452 αὐτῷ
375 396 557 448 μελήσει·
597 400 713 450 χεῖρα
738 396 771 436 δ’
798 396 843 437 οὐ
866 399 1078 449 διαφθερῶ.
1387 410 1471 442 1055

251 464 275 503 ἃ
300 465 337 504 ἆ.

315 529 368 581 μὴ
394 532 502 580 δῆτα,
531 528 639 579 θυμέ,
666 528 718 579 μὴ
746 529 797 569 σύ
821 529 857 581 γ’
885 529 1037 586 ἐργάσῃ
1062 529 1168 571 τάδε·

251 597 372 637 ἔασον
398 596 546 641 αὐτούς,
575 593 604 636 ὦ
629 595 769 641 τάλαν,
798 599 938 648 φεῖσαι
961 596 1121 637 τέκνων·

252 665 335 703 ἐκεῖ
355 662 441 714 μεθ’
466 662 575 713 ἡμῶν
603 662 743 712 ζῶντες
770 663 1016 715 εὐφρανοῦσί
1038 680 1098 704 σε.

318 730 373 780 μὰ
398 728 488 771 τοὺς
512 728 602 780 παρ’
623 727 742 785 (Ἀιδῃ
769 728 970 781 νερτέρους
996 729 1234 782 ἀλάστορας,

253 796 360 836 οὔτοι
384 795 471 837 ποτ’
497 795 610 836 ἔσται
634 795 738 836 τοῦθ’
765 797 869 838 ὅπως
894 797 1051 849 ἐχθροῖς
1077 798 1154 849 ἐγὼ
1393 799 1476 832 1060

253 865 395 905 παῖδας
420 861 586 914 παρήσω
611 863 701 905 τοὺς
727 863 843 914 ἐμοὺς
863 864 1114 915 καθυβρίσαι.

254 926 422 981 [πάντως
447 929 521 981 σφ’
547 929 697 981 ἀνάγκη
724 932 942 970 κατθανεῖν·
983 930 1066 970 ἐπεὶ
1091 932 1132 970 δὲ
1155 928 1245 983 χρή,

252 997 362 1047 ἡμεῖς
390 999 597 1046 κτενοῦμεν
623 997 734 1048 οἵπερ
761 995 1042 1048 ἐξεφύσαμει’.]

254 1062 410 1105 πάντως
436 1062 655 1114 πέπρακται
680 1065 801 1102 ταῦτα
828 1062 919 1102 κούκ
946 1061 1191 1115 ἐκφεύξεται.

255 1129 318 1170 καὶ
343 1129 388 1179 δὴ
415 1129 470 1170 ’πὶ
497 1129 606 1181 κρατὶ
633 1128 848 1181 στέφανος,
876 1130 918 1169 ἐν
943 1129 1136 1170 πέπλοισι
1161 1131 1203 1170 δὲ
1394 1131 1475 1172 10⁶5

253 1196 386 1248 νύμφη
413 1195 601 1248 τύραννος
626 1197 803 1242 ὄλλυται,
833 1195 932 1248 σάφ’
959 1195 1030 1236 οἶδ’
1057 1196 1147 1248 ἐγώ.

254 1262 358 1308 ἀλλ’,
387 1262 464 1313 εἶμι
490 1264 564 1314 γὰρ
589 1261 634 1312 δὴ
661 1261 985 1312 τλημονεστάτην
1011 1262 1114 1307 ὁδόν,

256 1328 318 1369 καὶ
343 1329 487 1368 τούσδε
509 1326 656 1378 πέμψω
681 1326 1002 1378 τλημονεστέραν
1027 1328 1096 1373 ἔτι,

254 1397 396 1436 παῖδας
421 1396 654 1446 προσειπεῖν
679 1393 951 1444 βούλομαι.-
964 1393 1055 1440 δότ’,
1083 1392 1112 1434 ὦ
1138 1394 1268 1440 τέκνα,

256 1460 335 1501 δότ’
362 1459 626 1501 ἀσπάσασθαι
650 1461 766 1511 μητρὶ
791 1458 924 1510 δεξιὰν
948 1459 1057 1513 χέρα.
1394 1474 1479 1504 1070

322 1526 352 1568 ὦ
379 1526 551 1580 φιλτάτη
577 1528 677 1580 χείρ,
706 1528 902 1579 φίλτατοι·
926 1526 968 1567 δέ
991 1544 1057 1577 μοι
1083 1528 1212 1579 στόμα

258 1595 320 1635 καὶ
346 1596 483 1648 σχῆμα
510 1593 570 1634 καὶ
596 1594 811 1646 πρόσωπον
838 1593 991 1645 εὐγενὲς
1015 1593 1176 1641 τέκνων,

259 1662 564 1712 εὐδαιμονοῖτοι·,
593 1659 683 1701 ἀλλ’
710 1661 802 1701 ἐκεῖ·
840 1661 887 1699 τὰ
912 1660 944 1699 δ’
973 1660 1110 1701 ἐνθάδε

258 1728 384 1780 πατὴρ
410 1726 601 1780 ἀφείλετ’.
674 1725 703 1767 ὦ
728 1731 892 1779 γλυκεῖα
918 1726 1143 1778 προσβολή,

205 1830 285 1860 1052
309 1821 483 1862 προσέσθαι
498 1820 648 1850 Badham
665 1831 671 1849 :
696 1819 846 1861 προέσθαι
864 1820 960 1851 codd.
1054 1821 1145 1859 φρενί
1164 1819 1190 1850 L
1203 1819 1250 1850 P:
1275 1818 1315 1849 cf.
1336 1821 1410 1852 Στὸ
1428 1820 1479 1851 καὶ

159 1867 300 1897 ἐνδοῦναι
313 1867 354 1906 τῇ
368 1864 460 1905 φρενί
475 1877 535 1904 μου
550 1865 732 1902 μαλθακοὺς
745 1863 878 1904 λόγους;
899 1863 1012 1904 φρενός
1024 1863 1096 1893 AV
1108 1863 1158 1893 Bl
1248 1871 1329 1901 1053
1346 1863 1485 1894 Abeunt

157 1909 269 1940 liberi:
281 1911 424 1941 redeunt
435 1920 454 1940 a
465 1909 572 1940 servis
583 1909 692 1939 vocati
706 1909 848 1939 Medeae
860 1911 952 1938 iussu
968 1908 1168 1948 χπροσειπεῖν
1177 1904 1349 1944 βούλομαι)
1364 1914 1395 1934 v.
1404 1904 1486 1943 1069

158 1956 283 1987 Mavult
299 1955 489 1993 XVeckleim
509 1954 692 1994 Bergkium
709 1958 855 1991 secutus,
873 1964 923 1984 vv.
943 1953 1135 1991 1056-1080
1151 1949 1400 1990 dittographiae
1416 1948 1478 1979 cri-

157 2001 246 2030 mine
261 2000 419 2030 damnare
524 2007 604 2036 1054
623 1998 757 2036 θύμασιν
772 1997 798 2027 L
812 1997 837 2026 P
852 2008 858 2026 :
877 1998 1018 2036 δώμασιν
1030 1995 1061 2025 Α
1072 1995 1102 2024 V
1114 1995 1164 2025 Bl
1270 1994 1351 2031 1056
1369 1992 1481 2031 Super

157 2043 176 2075 ἆ
193 2044 212 2075 ἆ
229 2052 395 2081 suprascr.
411 2044 433 2074 ὢ
451 2044 473 2074 ὢ
490 2042 522 2072 Α
646 2042 690 2080 μὴ
708 2040 748 2072 σύ
763 2041 797 2079 ’γ’
817 2039 842 2069 L
856 2040 902 2070 P:
925 2040 1042 2079 μήποτ’
1060 2038 1132 2068 AV
1144 2038 1171 2068 B
1298 2036 1376 2068 τάδε
1395 2035 1421 2066 L
1433 2034 1479 2064 P:

157 2086 233 2119 τόδε
249 2086 359 2116 AVB
519 2086 601 2124 1058
626 2084 679 2124 σε]
697 2097 737 2123 με
753 2084 784 2113 V
940 2092 1023 2120 1059
1047 2081 1106 2124 ᾅδῃ
1123 2081 1153 2111 V
1166 2081 1216 2111 B:
1245 2080 1324 2117 ἅδην
1339 2079 1371 2109 Α
1384 2078 1410 2108 L
1423 2077 1482 2108 Pv

162 2131 244 2161 1060
274 2129 345 2160 πόθ’
369 2129 418 2159 V:
451 2142 501 2170 γρ.
527 2132 591 2161 πῶς
615 2138 656 2159 v:
687 2128 755 2158 ποθ’
779 2127 810 2157 Α
927 2124 1031 2165 τοῦθ’]
1056 2124 1124 2156 τόδ’
1149 2123 1201 2154 V:
1231 2137 1282 2164 γρ.
1309 2123 1398 2154 τοῦτ’
1422 2124 1438 2153 ὁ
1462 2132 1482 2152 v

162 2175 254 2211 1062,
277 2174 358 2212 1063
383 2173 582 2212 proscripsit
599 2172 764 2202 Pierson:
792 2169 832 2200 cf.
855 2179 948 2208 1240,
969 2178 1045 2206 1²41
1200 2168 1282 2205 1063
1306 2167 1482 2204 κτενοῦμεν

157 2216 299 2247 A¹LP:
328 2218 506 2255 κτανοῦμεν
530 2215 612 2252 VB,
638 2220 671 2245 et
695 2213 768 2243 sine
793 2213 892 2243 dubio
915 2212 947 2242 A
1126 2211 1207 2249 1064
1238 2209 1400 2251 πέπρωται
1427 2207 1482 2238 Lv

162 2261 243 2299 1065
268 2260 303 2292 δὲ
320 2259 429 2289 AVB
446 2271 453 2290 ι
476 2272 513 2290 τε
531 2258 557 2289 L
570 2258 597 2289 P
767 2257 848 2294 1067
873 2254 1150 2293 τληπαθεστάτην
1165 2254 1237 2284 cod.
1258 2253 1344 2284 Flor.
1367 2251 1477 2290 Etym-

161 2303 274 2343 Magni
432 2312 512 2341 1071
540 2301 646 2340 στόμα
664 2300 690 2331 L
702 2300 746 2331 P:
774 2299 853 2341 κάρα
868 2299 939 2329 AV
951 2298 978 2328 B
1136 2307 1218 2336 1073
1243 2295 1482 2335 εὐδαιμονοίτην

161 2347 320 2386 Elmsley.
369 2346 437 2377 Sed
457 2346 531 2376 vide
551 2343 816 2381 Ksshner-Blass,
840 2345 854 2380 ξ
874 2353 946 2382 213.
967 2343 987 2372 8
