<?xml version="1.0" encoding="UTF-8"?>
<!DOCTYPE html PUBLIC "-//W3C//DTD XHTML 1.0 Transitional//EN"
    "http://www.w3.org/TR/xhtml1/DTD/xhtml1-transitional.dtd">
<html xmlns="http://www.w3.org/1999/xhtml" xml:lang="en" lang="en">
 <head>
  <title>
</title>
<meta http-equiv="Content-Type" content="text/html;charset=utf-8" />
  <meta name='ocr-system' content='tesseract 3.04.00' />
  <meta name='ocr-capabilities' content='ocr_page ocr_carea ocr_par ocr_line ocrx_word'/>
</head>
<body>
  <div class='ocr_page' id='page_1' title='image "./euripidisfabulae01euriuoft_0318.png"; bbox 0 0 1651 2780; ppageno 0'>
   <div class='ocr_carea' id='block_1_1' title="bbox 645 87 992 126">
    <p class='ocr_par' dir='ltr' id='par_1_1' title="bbox 645 87 992 126">
     <span class='ocr_line' id='line_1_1' title="bbox 645 87 992 126; baseline 0.006 -2"><span class='ocrx_word' id='word_1_1' title='bbox 645 87 992 126; x_wconf 69' lang='grc' dir='ltr'>ΕΥΡΙΠΙΔΟΥ</span> 
     </span>
    </p>
   </div>
   <div class='ocr_carea' id='block_1_2' title="bbox 232 187 1478 1988">
    <p class='ocr_par' dir='ltr' id='par_1_2' title="bbox 249 187 1205 247">
     <span class='ocr_line' id='line_1_2' title="bbox 249 187 1205 247; baseline 0.008 -21"><span class='ocrx_word' id='word_1_2' title='bbox 249 188 303 227; x_wconf 77' lang='grc' dir='ltr'>ὧν</span> <span class='ocrx_word' id='word_1_3' title='bbox 328 187 362 227; x_wconf 87' lang='grc' dir='ltr'>δ’</span> <span class='ocrx_word' id='word_1_4' title='bbox 389 189 514 229; x_wconf 80' lang='grc' dir='ltr'>οὕνεκ’</span> <span class='ocrx_word' id='word_1_5' title='bbox 540 188 665 240; x_wconf 79' lang='grc' dir='ltr'>ἦλθον</span> <span class='ocrx_word' id='word_1_6' title='bbox 690 195 867 242; x_wconf 84' lang='grc' dir='ltr'>σημανῶ,</span> <span class='ocrx_word' id='word_1_7' title='bbox 896 192 945 232; x_wconf 78' lang='grc' dir='ltr'>σὺ</span> <span class='ocrx_word' id='word_1_8' title='bbox 969 191 1003 232; x_wconf 88' lang='grc' dir='ltr'>δ’</span> <span class='ocrx_word' id='word_1_9' title='bbox 1029 192 1205 247; x_wconf 84' lang='grc' dir='ltr'>ἐνδέχου.</span> 
     </span>
    </p>

    <p class='ocr_par' dir='ltr' id='par_1_3' title="bbox 248 253 1132 312">
     <span class='ocr_line' id='line_1_3' title="bbox 248 253 1132 312; baseline 0.008 -19"><span class='ocrx_word' id='word_1_10' title='bbox 248 253 315 294; x_wconf 83' lang='grc' dir='ltr'>τὸν</span> <span class='ocrx_word' id='word_1_11' title='bbox 340 256 413 305; x_wconf 82' lang='grc' dir='ltr'>μὲν</span> <span class='ocrx_word' id='word_1_12' title='bbox 439 257 611 298; x_wconf 79' lang='grc' dir='ltr'>θανόντα</span> <span class='ocrx_word' id='word_1_13' title='bbox 635 257 740 298; x_wconf 84' lang='grc' dir='ltr'>τόνδ’</span> <span class='ocrx_word' id='word_1_14' title='bbox 765 257 989 312; x_wconf 83' lang='grc' dir='ltr'>Ἀχιλλέως</span> <span class='ocrx_word' id='word_1_15' title='bbox 1012 260 1132 312; x_wconf 85' lang='grc' dir='ltr'>γόνον</span> 
     </span>
    </p>

    <p class='ocr_par' dir='ltr' id='par_1_4' title="bbox 247 319 1478 450">
     <span class='ocr_line' id='line_1_4' title="bbox 247 319 1478 380; baseline 0.007 -20"><span class='ocrx_word' id='word_1_16' title='bbox 247 319 379 374; x_wconf 79' lang='grc' dir='ltr'>θάψον</span> <span class='ocrx_word' id='word_1_17' title='bbox 405 323 603 375; x_wconf 79' lang='grc' dir='ltr'>πορεύσας</span> <span class='ocrx_word' id='word_1_18' title='bbox 629 325 806 375; x_wconf 82' lang='grc' dir='ltr'>Πυθικὴν</span> <span class='ocrx_word' id='word_1_19' title='bbox 833 326 928 378; x_wconf 83' lang='grc' dir='ltr'>πρὸς</span> <span class='ocrx_word' id='word_1_20' title='bbox 953 325 1144 380; x_wconf 82' lang='grc' dir='ltr'>ἐσχάραν,</span> <span class='ocrx_word' id='word_1_21' title='bbox 1395 342 1478 374; x_wconf 88' lang='lat'>1240</span> 
     </span>
     <span class='ocr_line' id='line_1_5' title="bbox 247 391 1109 450; baseline 0.009 -23"><span class='ocrx_word' id='word_1_22' title='bbox 247 392 426 441; x_wconf 81' lang='grc' dir='ltr'>Δελφοῖς</span> <span class='ocrx_word' id='word_1_23' title='bbox 452 391 615 438; x_wconf 83' lang='grc' dir='ltr'>ὄνειδος,</span> <span class='ocrx_word' id='word_1_24' title='bbox 643 391 694 433; x_wconf 83' lang='grc' dir='ltr'>ὡς</span> <span class='ocrx_word' id='word_1_25' title='bbox 719 392 956 450; x_wconf 85' lang='grc' dir='ltr'>ἀπαγγέλλῃ</span> <span class='ocrx_word' id='word_1_26' title='bbox 980 391 1109 446; x_wconf 81' lang='grc' dir='ltr'>τάφος</span> 
     </span>
    </p>

    <p class='ocr_par' dir='ltr' id='par_1_5' title="bbox 247 455 1039 514">
     <span class='ocr_line' id='line_1_6' title="bbox 247 455 1039 514; baseline 0.009 -19"><span class='ocrx_word' id='word_1_27' title='bbox 247 455 375 507; x_wconf 89' lang='grc' dir='ltr'>φόνον</span> <span class='ocrx_word' id='word_1_28' title='bbox 398 458 535 507; x_wconf 81' lang='grc' dir='ltr'>βίαιον</span> <span class='ocrx_word' id='word_1_29' title='bbox 559 460 629 509; x_wconf 86' lang='grc' dir='ltr'>τῆς</span> <span class='ocrx_word' id='word_1_30' title='bbox 653 458 886 511; x_wconf 84' lang='grc' dir='ltr'>Ὀρεστείας</span> <span class='ocrx_word' id='word_1_31' title='bbox 909 461 1039 514; x_wconf 86' lang='grc' dir='ltr'>χερός·</span> 
     </span>
    </p>

    <p class='ocr_par' dir='ltr' id='par_1_6' title="bbox 244 524 1209 647">
     <span class='ocr_line' id='line_1_7' title="bbox 244 524 1209 582; baseline 0.006 -19"><span class='ocrx_word' id='word_1_32' title='bbox 244 527 410 574; x_wconf 86' lang='grc' dir='ltr'>γυναῖκα</span> <span class='ocrx_word' id='word_1_33' title='bbox 434 524 467 564; x_wconf 84' lang='grc' dir='ltr'>δ’</span> <span class='ocrx_word' id='word_1_34' title='bbox 495 524 763 579; x_wconf 84' lang='grc' dir='ltr'>αἰχμάλωτον,</span> <span class='ocrx_word' id='word_1_35' title='bbox 790 525 1065 581; x_wconf 81' lang='grc' dir='ltr'>Ἀνδρομάχην</span> <span class='ocrx_word' id='word_1_36' title='bbox 1088 527 1209 582; x_wconf 86' lang='grc' dir='ltr'>λέγω,</span> 
     </span>
     <span class='ocr_line' id='line_1_8' title="bbox 245 592 1118 647; baseline 0.007 -18"><span class='ocrx_word' id='word_1_37' title='bbox 245 592 489 632; x_wconf 87' lang='grc' dir='ltr'>Μολοσσίαν</span> <span class='ocrx_word' id='word_1_38' title='bbox 513 594 588 645; x_wconf 87' lang='grc' dir='ltr'>γῆν</span> <span class='ocrx_word' id='word_1_39' title='bbox 613 593 690 646; x_wconf 81' lang='grc' dir='ltr'>χρὴ</span> <span class='ocrx_word' id='word_1_40' title='bbox 717 596 961 644; x_wconf 85' lang='grc' dir='ltr'>κατοικῆσαι,</span> <span class='ocrx_word' id='word_1_41' title='bbox 989 593 1118 647; x_wconf 82' lang='grc' dir='ltr'>γέρον,</span> 
     </span>
    </p>

    <p class='ocr_par' dir='ltr' id='par_1_7' title="bbox 242 655 1476 780">
     <span class='ocr_line' id='line_1_9' title="bbox 242 655 1476 714; baseline 0.01 -17"><span class='ocrx_word' id='word_1_42' title='bbox 242 655 393 713; x_wconf 82' lang='grc' dir='ltr'>Ἑλένῳ</span> <span class='ocrx_word' id='word_1_43' title='bbox 420 662 776 713; x_wconf 85' lang='grc' dir='ltr'>συναλλαχθεῖσαν</span> <span class='ocrx_word' id='word_1_44' title='bbox 803 661 972 704; x_wconf 82' lang='grc' dir='ltr'>εὐναίοις</span> <span class='ocrx_word' id='word_1_45' title='bbox 997 660 1148 714; x_wconf 83' lang='grc' dir='ltr'>γάμοις,</span> <span class='ocrx_word' id='word_1_46' title='bbox 1392 675 1476 709; x_wconf 85' lang='lat'>1²45</span> 
     </span>
     <span class='ocr_line' id='line_1_10' title="bbox 244 725 1123 780; baseline 0.006 -16"><span class='ocrx_word' id='word_1_47' title='bbox 244 725 306 765; x_wconf 78' lang='grc' dir='ltr'>καὶ</span> <span class='ocrx_word' id='word_1_48' title='bbox 331 728 452 766; x_wconf 84' lang='grc' dir='ltr'>παῖδα</span> <span class='ocrx_word' id='word_1_49' title='bbox 477 727 604 773; x_wconf 86' lang='grc' dir='ltr'>τόνδε,</span> <span class='ocrx_word' id='word_1_50' title='bbox 633 731 711 769; x_wconf 91' lang='grc' dir='ltr'>τῶν</span> <span class='ocrx_word' id='word_1_51' title='bbox 737 728 803 769; x_wconf 84' lang='grc' dir='ltr'>ἀπ’</span> <span class='ocrx_word' id='word_1_52' title='bbox 831 730 977 769; x_wconf 80' lang='grc' dir='ltr'>Αἰακοῦ</span> <span class='ocrx_word' id='word_1_53' title='bbox 1001 729 1123 780; x_wconf 87' lang='grc' dir='ltr'>μόνον</span> 
     </span>
    </p>

    <p class='ocr_par' dir='ltr' id='par_1_8' title="bbox 241 792 1200 851">
     <span class='ocr_line' id='line_1_11' title="bbox 241 792 1200 851; baseline 0.005 -19"><span class='ocrx_word' id='word_1_54' title='bbox 241 792 503 844; x_wconf 85' lang='grc' dir='ltr'>λελειμμένον</span> <span class='ocrx_word' id='word_1_55' title='bbox 529 793 587 844; x_wconf 82' lang='grc' dir='ltr'>δή.</span> <span class='ocrx_word' id='word_1_56' title='bbox 660 795 838 845; x_wconf 81' lang='grc' dir='ltr'>βασιλέα</span> <span class='ocrx_word' id='word_1_57' title='bbox 864 796 896 835; x_wconf 84' lang='grc' dir='ltr'>δ’</span> <span class='ocrx_word' id='word_1_58' title='bbox 921 797 963 836; x_wconf 80' lang='grc' dir='ltr'>ἐκ</span> <span class='ocrx_word' id='word_1_59' title='bbox 987 799 1100 837; x_wconf 90' lang='grc' dir='ltr'>τοῦδε</span> <span class='ocrx_word' id='word_1_60' title='bbox 1124 797 1200 851; x_wconf 84' lang='grc' dir='ltr'>χρὴ</span> 
     </span>
    </p>

    <p class='ocr_par' dir='ltr' id='par_1_9' title="bbox 241 858 1078 914">
     <span class='ocr_line' id='line_1_12' title="bbox 241 858 1078 914; baseline 0.006 -16"><span class='ocrx_word' id='word_1_61' title='bbox 241 858 368 899; x_wconf 83' lang='grc' dir='ltr'>ἄλλον</span> <span class='ocrx_word' id='word_1_62' title='bbox 393 859 441 900; x_wconf 85' lang='grc' dir='ltr'>δι’</span> <span class='ocrx_word' id='word_1_63' title='bbox 466 860 593 901; x_wconf 79' lang='grc' dir='ltr'>ἄλλου</span> <span class='ocrx_word' id='word_1_64' title='bbox 620 864 809 914; x_wconf 80' lang='grc' dir='ltr'>διαπερᾶν</span> <span class='ocrx_word' id='word_1_65' title='bbox 837 864 1078 905; x_wconf 86' lang='grc' dir='ltr'>Μολοσσίας</span> 
     </span>
    </p>

    <p class='ocr_par' dir='ltr' id='par_1_10' title="bbox 242 925 1104 981">
     <span class='ocr_line' id='line_1_13' title="bbox 242 925 1104 981; baseline 0.006 -16"><span class='ocrx_word' id='word_1_66' title='bbox 242 925 580 977; x_wconf 82' lang='grc' dir='ltr'>εὐδαιμονοῦντας·</span> <span class='ocrx_word' id='word_1_67' title='bbox 619 929 662 968; x_wconf 81' lang='grc' dir='ltr'>οὐ</span> <span class='ocrx_word' id='word_1_68' title='bbox 690 931 765 981; x_wconf 77' lang='grc' dir='ltr'>γὰρ</span> <span class='ocrx_word' id='word_1_69' title='bbox 790 929 854 969; x_wconf 81' lang='grc' dir='ltr'>ὧδ’</span> <span class='ocrx_word' id='word_1_70' title='bbox 882 928 1104 971; x_wconf 85' lang='grc' dir='ltr'>ἀνάστατον</span> 
     </span>
    </p>

    <p class='ocr_par' dir='ltr' id='par_1_11' title="bbox 239 991 1474 1115">
     <span class='ocr_line' id='line_1_14' title="bbox 240 991 1474 1048; baseline 0.007 -15"><span class='ocrx_word' id='word_1_71' title='bbox 240 991 355 1044; x_wconf 89' lang='grc' dir='ltr'>γένος</span> <span class='ocrx_word' id='word_1_72' title='bbox 380 993 567 1046; x_wconf 90' lang='grc' dir='ltr'>γενέσθαι</span> <span class='ocrx_word' id='word_1_73' title='bbox 592 998 652 1036; x_wconf 84' lang='grc' dir='ltr'>δεῖ</span> <span class='ocrx_word' id='word_1_74' title='bbox 675 995 720 1036; x_wconf 85' lang='grc' dir='ltr'>τὸ</span> <span class='ocrx_word' id='word_1_75' title='bbox 747 995 820 1036; x_wconf 78' lang='grc' dir='ltr'>σὸν</span> <span class='ocrx_word' id='word_1_76' title='bbox 848 997 983 1047; x_wconf 84' lang='grc' dir='ltr'>κάμόν,</span> <span class='ocrx_word' id='word_1_77' title='bbox 1010 996 1139 1048; x_wconf 86' lang='grc' dir='ltr'>γέρον,</span> <span class='ocrx_word' id='word_1_78' title='bbox 1392 1010 1474 1042; x_wconf 85' lang='lat'>¹²50</span> 
     </span>
     <span class='ocr_line' id='line_1_15' title="bbox 239 1056 1174 1115; baseline 0.005 -16"><span class='ocrx_word' id='word_1_79' title='bbox 239 1061 384 1111; x_wconf 92' lang='grc' dir='ltr'>Τροίας</span> <span class='ocrx_word' id='word_1_80' title='bbox 408 1078 463 1102; x_wconf 93' lang='grc' dir='ltr'>τε·</span> <span class='ocrx_word' id='word_1_81' title='bbox 502 1056 566 1102; x_wconf 83' lang='grc' dir='ltr'>καὶ</span> <span class='ocrx_word' id='word_1_82' title='bbox 590 1064 665 1115; x_wconf 73' lang='grc' dir='ltr'>γὰρ</span> <span class='ocrx_word' id='word_1_83' title='bbox 692 1065 819 1104; x_wconf 83' lang='grc' dir='ltr'>θεοῖσι</span> <span class='ocrx_word' id='word_1_84' title='bbox 847 1063 1025 1113; x_wconf 84' lang='grc' dir='ltr'>κάκείνης</span> <span class='ocrx_word' id='word_1_85' title='bbox 1049 1063 1174 1114; x_wconf 85' lang='grc' dir='ltr'>μέλει,</span> 
     </span>
    </p>

    <p class='ocr_par' dir='ltr' id='par_1_12' title="bbox 241 1128 1085 1184">
     <span class='ocr_line' id='line_1_16' title="bbox 241 1128 1085 1184; baseline 0.005 -18"><span class='ocrx_word' id='word_1_86' title='bbox 241 1128 379 1179; x_wconf 89' lang='grc' dir='ltr'>καίπερ</span> <span class='ocrx_word' id='word_1_87' title='bbox 404 1128 607 1180; x_wconf 85' lang='grc' dir='ltr'>πεσούσης</span> <span class='ocrx_word' id='word_1_88' title='bbox 634 1128 850 1172; x_wconf 83' lang='grc' dir='ltr'>Παλλάδος</span> <span class='ocrx_word' id='word_1_89' title='bbox 877 1131 1085 1184; x_wconf 81' lang='grc' dir='ltr'>προθυμίᾳ.</span> 
     </span>
    </p>

    <p class='ocr_par' dir='ltr' id='par_1_13' title="bbox 242 1194 1146 1253">
     <span class='ocr_line' id='line_1_17' title="bbox 242 1194 1146 1253; baseline 0.006 -19"><span class='ocrx_word' id='word_1_90' title='bbox 242 1197 289 1235; x_wconf 83' lang='grc' dir='ltr'>σὲ</span> <span class='ocrx_word' id='word_1_91' title='bbox 315 1194 359 1241; x_wconf 87' lang='grc' dir='ltr'>δ’,</span> <span class='ocrx_word' id='word_1_92' title='bbox 387 1195 437 1237; x_wconf 88' lang='grc' dir='ltr'>ὡς</span> <span class='ocrx_word' id='word_1_93' title='bbox 462 1195 510 1236; x_wconf 79' lang='grc' dir='ltr'>ἂν</span> <span class='ocrx_word' id='word_1_94' title='bbox 536 1198 640 1253; x_wconf 80' lang='grc' dir='ltr'>εἰδῇς</span> <span class='ocrx_word' id='word_1_95' title='bbox 665 1199 733 1247; x_wconf 85' lang='grc' dir='ltr'>τῆς</span> <span class='ocrx_word' id='word_1_96' title='bbox 759 1199 854 1248; x_wconf 86' lang='grc' dir='ltr'>ἐμῆς</span> <span class='ocrx_word' id='word_1_97' title='bbox 881 1197 992 1247; x_wconf 80' lang='grc' dir='ltr'>εὐνῆς</span> <span class='ocrx_word' id='word_1_98' title='bbox 1017 1195 1146 1250; x_wconf 85' lang='grc' dir='ltr'>χάριν,</span> 
     </span>
    </p>

    <p class='ocr_par' dir='ltr' id='par_1_14' title="bbox 238 1258 1047 1317">
     <span class='ocr_line' id='line_1_18' title="bbox 238 1258 1047 1317; baseline 0.006 -16"><span class='ocrx_word' id='word_1_99' title='bbox 238 1258 322 1312; x_wconf 75' lang='grc' dir='ltr'>[θεὰ</span> <span class='ocrx_word' id='word_1_100' title='bbox 346 1267 508 1315; x_wconf 81' lang='grc' dir='ltr'>γεγῶσα</span> <span class='ocrx_word' id='word_1_101' title='bbox 534 1264 596 1304; x_wconf 83' lang='grc' dir='ltr'>καὶ</span> <span class='ocrx_word' id='word_1_102' title='bbox 622 1266 712 1304; x_wconf 87' lang='grc' dir='ltr'>θεοῦ</span> <span class='ocrx_word' id='word_1_103' title='bbox 736 1264 882 1317; x_wconf 84' lang='grc' dir='ltr'>πατρὸς</span> <span class='ocrx_word' id='word_1_104' title='bbox 908 1263 1047 1317; x_wconf 75' lang='grc' dir='ltr'>τέκος,]</span> 
     </span>
    </p>

    <p class='ocr_par' dir='ltr' id='par_1_15' title="bbox 237 1329 1469 1450">
     <span class='ocr_line' id='line_1_19' title="bbox 238 1329 1469 1384; baseline 0.007 -16"><span class='ocrx_word' id='word_1_105' title='bbox 238 1332 366 1369; x_wconf 84' lang='grc' dir='ltr'>κακῶν</span> <span class='ocrx_word' id='word_1_106' title='bbox 391 1329 661 1381; x_wconf 80' lang='grc' dir='ltr'>ἀπαλλάξασα</span> <span class='ocrx_word' id='word_1_107' title='bbox 685 1335 763 1372; x_wconf 86' lang='grc' dir='ltr'>τῶν</span> <span class='ocrx_word' id='word_1_108' title='bbox 788 1333 1018 1384; x_wconf 84' lang='grc' dir='ltr'>βροτησίων</span> <span class='ocrx_word' id='word_1_109' title='bbox 1386 1344 1469 1377; x_wconf 84' lang='lat'><strong>¹255</strong></span> 
     </span>
     <span class='ocr_line' id='line_1_20' title="bbox 237 1394 1005 1450; baseline 0.007 -15"><span class='ocrx_word' id='word_1_110' title='bbox 237 1394 433 1438; x_wconf 83' lang='grc' dir='ltr'>ἀθάνατον</span> <span class='ocrx_word' id='word_1_111' title='bbox 458 1396 628 1450; x_wconf 84' lang='grc' dir='ltr'>ἄφθιτόν</span> <span class='ocrx_word' id='word_1_112' title='bbox 653 1416 695 1439; x_wconf 89' lang='grc' dir='ltr'>τε</span> <span class='ocrx_word' id='word_1_113' title='bbox 720 1398 876 1449; x_wconf 84' lang='grc' dir='ltr'>ποιήσω</span> <span class='ocrx_word' id='word_1_114' title='bbox 903 1400 1005 1440; x_wconf 89' lang='grc' dir='ltr'>θεόν.</span> 
     </span>
    </p>

    <p class='ocr_par' dir='ltr' id='par_1_16' title="bbox 238 1462 1061 1517">
     <span class='ocr_line' id='line_1_21' title="bbox 238 1462 1061 1517; baseline 0.005 -15"><span class='ocrx_word' id='word_1_115' title='bbox 238 1462 401 1504; x_wconf 83' lang='grc' dir='ltr'>κᾶπειτα</span> <span class='ocrx_word' id='word_1_116' title='bbox 427 1464 589 1516; x_wconf 86' lang='grc' dir='ltr'>Νηρέως</span> <span class='ocrx_word' id='word_1_117' title='bbox 615 1467 656 1506; x_wconf 85' lang='grc' dir='ltr'>ἐν</span> <span class='ocrx_word' id='word_1_118' title='bbox 683 1466 816 1517; x_wconf 84' lang='grc' dir='ltr'>δόμοις</span> <span class='ocrx_word' id='word_1_119' title='bbox 842 1468 937 1517; x_wconf 85' lang='grc' dir='ltr'>ἐμοῦ</span> <span class='ocrx_word' id='word_1_120' title='bbox 961 1465 1061 1517; x_wconf 92' lang='grc' dir='ltr'>μέτα</span> 
     </span>
    </p>

    <p class='ocr_par' dir='ltr' id='par_1_17' title="bbox 236 1529 1048 1588">
     <span class='ocr_line' id='line_1_22' title="bbox 236 1529 1048 1588; baseline 0.006 -19"><span class='ocrx_word' id='word_1_121' title='bbox 236 1529 280 1570; x_wconf 87' lang='grc' dir='ltr'>τὸ</span> <span class='ocrx_word' id='word_1_122' title='bbox 304 1531 448 1571; x_wconf 83' lang='grc' dir='ltr'>λοιπὸν</span> <span class='ocrx_word' id='word_1_123' title='bbox 472 1531 544 1582; x_wconf 83' lang='grc' dir='ltr'>ἤδη</span> <span class='ocrx_word' id='word_1_124' title='bbox 572 1532 660 1575; x_wconf 83' lang='grc' dir='ltr'>θεὸς</span> <span class='ocrx_word' id='word_1_125' title='bbox 688 1532 939 1583; x_wconf 87' lang='grc' dir='ltr'>συνοικήσεις</span> <span class='ocrx_word' id='word_1_126' title='bbox 965 1534 1048 1588; x_wconf 75' lang='grc' dir='ltr'>θεᾷ·</span> 
     </span>
    </p>

    <p class='ocr_par' dir='ltr' id='par_1_18' title="bbox 235 1597 1050 1651">
     <span class='ocr_line' id='line_1_23' title="bbox 235 1597 1050 1651; baseline 0.002 -14"><span class='ocrx_word' id='word_1_127' title='bbox 235 1597 348 1638; x_wconf 81' lang='grc' dir='ltr'>ἔνθεν</span> <span class='ocrx_word' id='word_1_128' title='bbox 375 1599 540 1649; x_wconf 78' lang='grc' dir='ltr'>κομίζων</span> <span class='ocrx_word' id='word_1_129' title='bbox 565 1599 685 1651; x_wconf 79' lang='grc' dir='ltr'>ξηρὸν</span> <span class='ocrx_word' id='word_1_130' title='bbox 711 1602 753 1640; x_wconf 85' lang='grc' dir='ltr'>ἐκ</span> <span class='ocrx_word' id='word_1_131' title='bbox 779 1601 923 1641; x_wconf 90' lang='grc' dir='ltr'>πόντου</span> <span class='ocrx_word' id='word_1_132' title='bbox 948 1601 1050 1641; x_wconf 89' lang='grc' dir='ltr'>πόδα</span> 
     </span>
    </p>

    <p class='ocr_par' dir='ltr' id='par_1_19' title="bbox 234 1663 1469 1787">
     <span class='ocr_line' id='line_1_24' title="bbox 236 1663 1469 1720; baseline 0.003 -16"><span class='ocrx_word' id='word_1_133' title='bbox 236 1663 305 1705; x_wconf 89' lang='grc' dir='ltr'>τὸν</span> <span class='ocrx_word' id='word_1_134' title='bbox 330 1666 526 1717; x_wconf 82' lang='grc' dir='ltr'>φίλτατον</span> <span class='ocrx_word' id='word_1_135' title='bbox 552 1668 617 1707; x_wconf 89' lang='grc' dir='ltr'>σοὶ</span> <span class='ocrx_word' id='word_1_136' title='bbox 643 1666 748 1707; x_wconf 81' lang='grc' dir='ltr'>παῖδ’</span> <span class='ocrx_word' id='word_1_137' title='bbox 777 1668 865 1717; x_wconf 82' lang='grc' dir='ltr'>ἐμοί</span> <span class='ocrx_word' id='word_1_138' title='bbox 886 1667 918 1707; x_wconf 89' lang='grc' dir='ltr'>τ’</span> <span class='ocrx_word' id='word_1_139' title='bbox 945 1666 1142 1720; x_wconf 82' lang='grc' dir='ltr'>Ἀχιλλέα</span> <span class='ocrx_word' id='word_1_140' title='bbox 1384 1668 1469 1703; x_wconf 81' lang='lat'>1260</span> 
     </span>
     <span class='ocr_line' id='line_1_25' title="bbox 234 1732 952 1787; baseline 0.006 -16"><span class='ocrx_word' id='word_1_141' title='bbox 234 1732 318 1787; x_wconf 79' lang='grc' dir='ltr'>ὄψῃ</span> <span class='ocrx_word' id='word_1_142' title='bbox 344 1732 485 1782; x_wconf 89' lang='grc' dir='ltr'>δόμους</span> <span class='ocrx_word' id='word_1_143' title='bbox 509 1733 670 1774; x_wconf 84' lang='grc' dir='ltr'>ναίοντα</span> <span class='ocrx_word' id='word_1_144' title='bbox 695 1734 952 1784; x_wconf 84' lang='grc' dir='ltr'>νησιωτικοὺς</span> 
     </span>
    </p>

    <p class='ocr_par' dir='ltr' id='par_1_20' title="bbox 235 1798 1158 1853">
     <span class='ocr_line' id='line_1_26' title="bbox 235 1798 1158 1853; baseline 0.004 -15"><span class='ocrx_word' id='word_1_145' title='bbox 235 1798 388 1849; x_wconf 75' lang='grc' dir='ltr'>Λευκὴν</span> <span class='ocrx_word' id='word_1_146' title='bbox 415 1799 497 1840; x_wconf 71' lang='grc' dir='ltr'>κατ’</span> <span class='ocrx_word' id='word_1_147' title='bbox 524 1800 645 1850; x_wconf 79' lang='grc' dir='ltr'>ἀκτὴν</span> <span class='ocrx_word' id='word_1_148' title='bbox 671 1800 781 1843; x_wconf 80' lang='grc' dir='ltr'>ἐντὸς</span> <span class='ocrx_word' id='word_1_149' title='bbox 809 1798 998 1850; x_wconf 80' lang='grc' dir='ltr'>Εὐξείνου</span> <span class='ocrx_word' id='word_1_150' title='bbox 1023 1801 1158 1853; x_wconf 88' lang='grc' dir='ltr'>πόρου.</span> 
     </span>
    </p>

    <p class='ocr_par' dir='ltr' id='par_1_21' title="bbox 235 1865 1123 1920">
     <span class='ocr_line' id='line_1_27' title="bbox 235 1865 1123 1920; baseline 0.003 -15"><span class='ocrx_word' id='word_1_151' title='bbox 235 1865 327 1906; x_wconf 82' lang='grc' dir='ltr'>ἀλλ’</span> <span class='ocrx_word' id='word_1_152' title='bbox 355 1866 448 1917; x_wconf 83' lang='grc' dir='ltr'>ἕρπε</span> <span class='ocrx_word' id='word_1_153' title='bbox 475 1870 651 1920; x_wconf 87' lang='grc' dir='ltr'>Δελφῶν</span> <span class='ocrx_word' id='word_1_154' title='bbox 679 1869 734 1909; x_wconf 83' lang='grc' dir='ltr'>εἰς</span> <span class='ocrx_word' id='word_1_155' title='bbox 760 1869 977 1919; x_wconf 86' lang='grc' dir='ltr'>θεόδμητον</span> <span class='ocrx_word' id='word_1_156' title='bbox 1003 1869 1123 1908; x_wconf 89' lang='grc' dir='ltr'>πόλιν</span> 
     </span>
    </p>

    <p class='ocr_par' dir='ltr' id='par_1_22' title="bbox 232 1932 1131 1988">
     <span class='ocr_line' id='line_1_28' title="bbox 232 1932 1131 1988; baseline 0.003 -16"><span class='ocrx_word' id='word_1_157' title='bbox 232 1932 369 1985; x_wconf 81' lang='grc' dir='ltr'>νεκρὸν</span> <span class='ocrx_word' id='word_1_158' title='bbox 397 1934 563 1984; x_wconf 82' lang='grc' dir='ltr'>κομίζων</span> <span class='ocrx_word' id='word_1_159' title='bbox 588 1934 715 1982; x_wconf 88' lang='grc' dir='ltr'>τόνδε,</span> <span class='ocrx_word' id='word_1_160' title='bbox 747 1935 810 1975; x_wconf 84' lang='grc' dir='ltr'>καὶ</span> <span class='ocrx_word' id='word_1_161' title='bbox 837 1935 991 1988; x_wconf 81' lang='grc' dir='ltr'>κρύψας</span> <span class='ocrx_word' id='word_1_162' title='bbox 1016 1935 1131 1988; x_wconf 80' lang='grc' dir='ltr'>χθονὶ</span> 
     </span>
    </p>
   </div>
   <div class='ocr_carea' id='block_1_3' title="bbox 129 2026 1466 2332">
    <p class='ocr_par' dir='ltr' id='par_1_23' title="bbox 129 2026 1466 2332">
     <span class='ocr_line' id='line_1_29' title="bbox 179 2026 1466 2070; baseline 0.003 -14"><span class='ocrx_word' id='word_1_163' title='bbox 179 2036 260 2065; x_wconf 82' lang='grc'>1240</span> <span class='ocrx_word' id='word_1_164' title='bbox 288 2026 381 2068; x_wconf 82' lang='grc' dir='ltr'>πρὸς]</span> <span class='ocrx_word' id='word_1_165' title='bbox 409 2026 456 2059; x_wconf 83' lang='grc' dir='ltr'>ἐπ’</span> <span class='ocrx_word' id='word_1_166' title='bbox 475 2027 507 2057; x_wconf 90' lang='grc' dir='ltr'><strong>Α</strong></span> <span class='ocrx_word' id='word_1_167' title='bbox 646 2038 724 2067; x_wconf 82' lang='grc'>1241</span> <span class='ocrx_word' id='word_1_168' title='bbox 760 2027 958 2070; x_wconf 73' lang='grc' dir='ltr'>ἀπαγγέλλῃ</span> <span class='ocrx_word' id='word_1_169' title='bbox 983 2027 1087 2059; x_wconf 86' lang='lat' dir='ltr'>AL¹:</span> <span class='ocrx_word' id='word_1_170' title='bbox 1118 2027 1218 2070; x_wconf 83' lang='grc' dir='ltr'>-γέλῃ</span> <span class='ocrx_word' id='word_1_171' title='bbox 1246 2027 1314 2068; x_wconf 84' lang='lat' dir='ltr'>(vel</span> <span class='ocrx_word' id='word_1_172' title='bbox 1340 2026 1466 2068; x_wconf 61' lang='grc' dir='ltr'>-γέλεὴ</span> 
     </span>
     <span class='ocr_line' id='line_1_30' title="bbox 132 2068 1465 2113; baseline 0.002 -13"><span class='ocrx_word' id='word_1_173' title='bbox 132 2068 165 2099; x_wconf 92' lang='grc' dir='ltr'><strong>Μ</strong></span> <span class='ocrx_word' id='word_1_174' title='bbox 177 2069 218 2100; x_wconf 88' lang='lat' dir='ltr'>V²</span> <span class='ocrx_word' id='word_1_175' title='bbox 231 2070 256 2099; x_wconf 89' lang='lat' dir='ltr'>P</span> <span class='ocrx_word' id='word_1_176' title='bbox 269 2070 299 2101; x_wconf 95' lang='lat' dir='ltr'>O</span> <span class='ocrx_word' id='word_1_177' title='bbox 317 2075 349 2100; x_wconf 78' lang='lat' dir='ltr'>et</span> <span class='ocrx_word' id='word_1_178' title='bbox 367 2071 522 2110; x_wconf 82' lang='lat' dir='ltr'>primitus</span> <span class='ocrx_word' id='word_1_179' title='bbox 537 2071 563 2102; x_wconf 90' lang='lat' dir='ltr'><strong>L</strong></span> <span class='ocrx_word' id='word_1_180' title='bbox 659 2083 741 2112; x_wconf 73' lang='lat'>1244</span> <span class='ocrx_word' id='word_1_181' title='bbox 765 2073 828 2113; x_wconf 83' lang='grc' dir='ltr'>χρὴ</span> <span class='ocrx_word' id='word_1_182' title='bbox 845 2071 963 2102; x_wconf 82' lang='lat' dir='ltr'><strong>LAv:</strong></span> <span class='ocrx_word' id='word_1_183' title='bbox 987 2074 1071 2113; x_wconf 84' lang='grc' dir='ltr'>χρῆν</span> <span class='ocrx_word' id='word_1_184' title='bbox 1088 2071 1158 2103; x_wconf 81' lang='lat' dir='ltr'><strong>rell.</strong></span> <span class='ocrx_word' id='word_1_185' title='bbox 1244 2071 1424 2104; x_wconf 83' lang='grc' dir='ltr'>κατοικίσαι</span> <span class='ocrx_word' id='word_1_186' title='bbox 1439 2070 1465 2100; x_wconf 92' lang='lat' dir='ltr'>L</span> 
     </span>
     <span class='ocr_line' id='line_1_31' title="bbox 135 2114 1466 2155; baseline 0.002 -13"><span class='ocrx_word' id='word_1_187' title='bbox 135 2115 216 2151; x_wconf 83' lang='lat'>1246</span> <span class='ocrx_word' id='word_1_188' title='bbox 247 2117 312 2145; x_wconf 81' lang='grc' dir='ltr'>τῶν</span> <span class='ocrx_word' id='word_1_189' title='bbox 337 2114 491 2146; x_wconf 77' lang='lat' dir='ltr'>Barnes:</span> <span class='ocrx_word' id='word_1_190' title='bbox 523 2116 582 2147; x_wconf 81' lang='grc' dir='ltr'>τὸν</span> <span class='ocrx_word' id='word_1_191' title='bbox 607 2117 701 2147; x_wconf 90' lang='lat' dir='ltr'>codd.</span> <span class='ocrx_word' id='word_1_192' title='bbox 733 2116 841 2153; x_wconf 69' lang='grc' dir='ltr'>(τῶνδ’</span> <span class='ocrx_word' id='word_1_193' title='bbox 867 2115 957 2155; x_wconf 62' lang='lat' dir='ltr'>OD)</span> <span class='ocrx_word' id='word_1_194' title='bbox 1106 2125 1185 2153; x_wconf 84' lang='lat'>1247</span> <span class='ocrx_word' id='word_1_195' title='bbox 1218 2115 1391 2152; x_wconf 83' lang='grc' dir='ltr'>βασιλείαν</span> <span class='ocrx_word' id='word_1_196' title='bbox 1414 2114 1466 2145; x_wconf 90' lang='lat' dir='ltr'>V:</span> 
     </span>
     <span class='ocr_line' id='line_1_32' title="bbox 131 2157 1464 2202; baseline -0.002 -12"><span class='ocrx_word' id='word_1_197' title='bbox 131 2166 215 2187; x_wconf 72' lang='lat' dir='ltr'><strong>COFI‘-</strong></span> <span class='ocrx_word' id='word_1_198' title='bbox 235 2157 276 2187; x_wconf 66' lang='lat' dir='ltr'>V3</span> <span class='ocrx_word' id='word_1_199' title='bbox 378 2159 403 2190; x_wconf 78' lang='grc' dir='ltr'>δ’</span> <span class='ocrx_word' id='word_1_200' title='bbox 423 2157 475 2198; x_wconf 76' lang='grc' dir='ltr'>ἐκ]</span> <span class='ocrx_word' id='word_1_201' title='bbox 493 2160 554 2191; x_wconf 84' lang='grc' dir='ltr'>κάκ</span> <span class='ocrx_word' id='word_1_202' title='bbox 574 2160 599 2189; x_wconf 95' lang='lat' dir='ltr'>L</span> <span class='ocrx_word' id='word_1_203' title='bbox 702 2160 781 2202; x_wconf 71' lang='grc' dir='ltr'>χρὴ]</span> <span class='ocrx_word' id='word_1_204' title='bbox 802 2161 852 2191; x_wconf 78' lang='grc' dir='ltr'>δεῖ</span> <span class='ocrx_word' id='word_1_205' title='bbox 866 2159 896 2189; x_wconf 89' lang='grc' dir='ltr'>Α</span> <span class='ocrx_word' id='word_1_206' title='bbox 1049 2160 1131 2197; x_wconf 83' lang='grc'>1248</span> <span class='ocrx_word' id='word_1_207' title='bbox 1157 2158 1349 2191; x_wconf 86' lang='grc' dir='ltr'>Μολοσσίαν</span> <span class='ocrx_word' id='word_1_208' title='bbox 1365 2158 1464 2189; x_wconf 92' lang='lat' dir='ltr'><strong>codd.</strong></span> 
     </span>
     <span class='ocr_line' id='line_1_33' title="bbox 130 2201 1464 2241; baseline 0.002 -11"><span class='ocrx_word' id='word_1_209' title='bbox 130 2204 163 2230; x_wconf 82' lang='lat' dir='ltr'>et</span> <span class='ocrx_word' id='word_1_210' title='bbox 187 2205 234 2233; x_wconf 71' lang='lat'>2:</span> <span class='ocrx_word' id='word_1_211' title='bbox 266 2211 350 2233; x_wconf 79' lang='lat' dir='ltr'>corr.</span> <span class='ocrx_word' id='word_1_212' title='bbox 382 2202 531 2241; x_wconf 79' lang='lat' dir='ltr'>Lenting</span> <span class='ocrx_word' id='word_1_213' title='bbox 698 2213 775 2241; x_wconf 87' lang='lat'><strong>1251</strong></span> <span class='ocrx_word' id='word_1_214' title='bbox 813 2203 969 2233; x_wconf 80' lang='lat' dir='ltr'>Fortasse</span> <span class='ocrx_word' id='word_1_215' title='bbox 995 2202 1039 2234; x_wconf 83' lang='lat' dir='ltr'><em>·r’·</em></span> <span class='ocrx_word' id='word_1_216' title='bbox 1073 2204 1141 2234; x_wconf 84' lang='grc' dir='ltr'>ἐπεὶ</span> <span class='ocrx_word' id='word_1_217' title='bbox 1169 2205 1269 2234; x_wconf 72' lang='grc' dir='ltr'>θεοῖσι</span> <span class='ocrx_word' id='word_1_218' title='bbox 1300 2201 1464 2239; x_wconf 79' lang='grc' dir='ltr'>(τάκείνης</span> 
     </span>
     <span class='ocr_line' id='line_1_34' title="bbox 130 2243 1463 2288; baseline 0.002 -15"><span class='ocrx_word' id='word_1_219' title='bbox 130 2243 290 2284; x_wconf 56' lang='lat' dir='ltr'><strong>Lenting)</strong></span> <span class='ocrx_word' id='word_1_220' title='bbox 470 2256 553 2285; x_wconf 84' lang='grc'>1252</span> <span class='ocrx_word' id='word_1_221' title='bbox 577 2247 734 2288; x_wconf 83' lang='grc' dir='ltr'>προμηθία</span> <span class='ocrx_word' id='word_1_222' title='bbox 751 2247 777 2276; x_wconf 92' lang='lat' dir='ltr'>L</span> <span class='ocrx_word' id='word_1_223' title='bbox 790 2246 816 2276; x_wconf 90' lang='lat' dir='ltr'>P</span> <span class='ocrx_word' id='word_1_224' title='bbox 834 2256 1002 2285; x_wconf 79' lang='lat' dir='ltr'>suprascr.</span> <span class='ocrx_word' id='word_1_225' title='bbox 1023 2246 1064 2276; x_wconf 79' lang='lat' dir='ltr'>V²</span> <span class='ocrx_word' id='word_1_226' title='bbox 1238 2255 1319 2285; x_wconf 87' lang='lat'>1254</span> <span class='ocrx_word' id='word_1_227' title='bbox 1345 2247 1379 2277; x_wconf 87' lang='grc' dir='ltr'>ἐν</span> <span class='ocrx_word' id='word_1_228' title='bbox 1395 2247 1463 2276; x_wconf 80' lang='grc' dir='ltr'>τοῖς</span> 
     </span>
     <span class='ocr_line' id='line_1_35' title="bbox 129 2288 1464 2332; baseline 0.001 -13"><span class='ocrx_word' id='word_1_229' title='bbox 129 2291 264 2321; x_wconf 81' lang='grc' dir='ltr'>πολλοῖς</span> <span class='ocrx_word' id='word_1_230' title='bbox 293 2293 358 2321; x_wconf 79' lang='grc' dir='ltr'>τῶν</span> <span class='ocrx_word' id='word_1_231' title='bbox 387 2290 593 2332; x_wconf 77' lang='grc' dir='ltr'>ἀντιγράφων</span> <span class='ocrx_word' id='word_1_232' title='bbox 621 2292 655 2322; x_wconf 87' lang='grc' dir='ltr'>οὐ</span> <span class='ocrx_word' id='word_1_233' title='bbox 681 2289 812 2332; x_wconf 84' lang='grc' dir='ltr'>φέρεται</span> <span class='ocrx_word' id='word_1_234' title='bbox 837 2292 853 2321; x_wconf 88' lang='grc' dir='ltr'>ὁ</span> <span class='ocrx_word' id='word_1_235' title='bbox 877 2292 991 2330; x_wconf 70' lang='grc' dir='ltr'>ἴαμβος</span> <span class='ocrx_word' id='word_1_236' title='bbox 1017 2289 1108 2323; x_wconf 70' lang='grc' dir='ltr'>οὗτος</span> <span class='ocrx_word' id='word_1_237' title='bbox 1133 2295 1157 2323; x_wconf 84' lang='grc' dir='ltr'>Σ</span> <span class='ocrx_word' id='word_1_238' title='bbox 1278 2288 1373 2322; x_wconf 80' lang='grc' dir='ltr'>τόκος</span> <span class='ocrx_word' id='word_1_239' title='bbox 1399 2288 1464 2318; x_wconf 85' lang='lat' dir='ltr'>LP</span> 
     </span>
    </p>
   </div>
   <div class='ocr_carea' id='block_1_4' title="bbox 133 2331 1292 2376">
    <p class='ocr_par' dir='ltr' id='par_1_24' title="bbox 133 2331 1292 2376">
     <span class='ocr_line' id='line_1_36' title="bbox 133 2331 1292 2376; baseline 0.002 -12"><span class='ocrx_word' id='word_1_240' title='bbox 133 2333 213 2370; x_wconf 82' lang='lat'>1256</span> <span class='ocrx_word' id='word_1_241' title='bbox 237 2331 291 2371; x_wconf 62' lang='lat' dir='ltr'>Te]</span> <span class='ocrx_word' id='word_1_242' title='bbox 312 2346 349 2364; x_wconf 87' lang='grc' dir='ltr'>σε</span> <span class='ocrx_word' id='word_1_243' title='bbox 366 2333 396 2363; x_wconf 89' lang='lat' dir='ltr'>V</span> <span class='ocrx_word' id='word_1_244' title='bbox 534 2343 614 2373; x_wconf 83' lang='lat'><strong>1257</strong></span> <span class='ocrx_word' id='word_1_245' title='bbox 641 2337 718 2374; x_wconf 81' lang='grc' dir='ltr'>ὁμοῦ</span> <span class='ocrx_word' id='word_1_246' title='bbox 737 2333 768 2364; x_wconf 90' lang='grc' dir='ltr'>Μ</span> <span class='ocrx_word' id='word_1_247' title='bbox 782 2333 852 2364; x_wconf 92' lang='grc' dir='ltr'>ΒΟ</span> <span class='ocrx_word' id='word_1_248' title='bbox 990 2335 1072 2373; x_wconf 82' lang='lat'>1258</span> <span class='ocrx_word' id='word_1_249' title='bbox 1097 2334 1170 2376; x_wconf 81' lang='grc' dir='ltr'>θεᾷ]</span> <span class='ocrx_word' id='word_1_250' title='bbox 1189 2337 1248 2375; x_wconf 78' lang='grc' dir='ltr'>θεῷ</span> <span class='ocrx_word' id='word_1_251' title='bbox 1266 2333 1292 2363; x_wconf 85' lang='lat' dir='ltr'>L</span> 
     </span>
    </p>
   </div>
  </div>
 </body>
</html>
