1683 2732
722 89 926 126 EKABH

263 192 376 245 κόρης
401 193 614 245 ἀκραιφνὲς
639 191 731 243 αἷμ’,
758 193 780 231 ὅ
805 208 869 231 σοι
895 191 1121 243 δωρούμεθα

261 260 428 312 στρατός
452 276 494 300 τε
519 258 638 310 κάγώ·
676 257 893 310 πρευμενὴς
918 256 951 297 δ’
974 257 1067 308 ἡμῖν
1091 261 1207 310 γενοῦ

260 327 384 366 λῦσαί
404 342 446 366 τε
471 325 647 377 πρύμνας
673 325 735 365 καὶ
758 322 1030 377 χαλινωτήρια

260 396 359 433 νεῶν
383 391 448 434 δὸς
471 392 564 443 ἡμῖν
588 386 889 444 Τπρευμενοῦςῗ
913 390 947 431 τ’
973 389 1038 431 ἀπ’
1065 390 1187 431 Ἰλίου
1421 405 1484 436 540

258 460 402 500 νόστου
427 459 618 512 τυχόντας
642 457 792 500 πάντας
817 459 857 500 ἐς
882 456 1034 510 πάτραν
1058 461 1207 509 μολεῖν.

327 525 484 566 τοσαῦτ’
511 523 636 575 ἔλεξε,
664 527 740 567 πᾶς
765 524 798 565 δ’
826 523 1021 575 ἐπηύξατο
1048 524 1228 576 στρατός.

260 591 329 633 εἶτ’
354 593 608 646 ἀμφίχρυσον
633 591 846 644 φάσγανον
874 591 1006 642 κώπης
1030 591 1172 641 λαβὼν

261 657 412 708 ἐξεῖλκε
437 663 588 705 κολεοῦ,
615 657 764 710 λογάσι
789 658 822 698 δ’
849 657 1040 710 Ἀργείων
1066 660 1236 708 στρατοῦ

259 725 430 767 νεανίαις
453 726 591 766 ἔνευσε
616 724 811 777 παρθένον
836 727 995 775 λαβεῖν.
1422 737 1486 768 545

258 790 282 841 ἢ
308 790 353 838 δ’,
381 791 433 833 ὡς
458 790 655 844 ἐφράσθη,
682 791 785 831 τόνδ’
811 790 1011 841 ἐσήμηνεν
1035 791 1171 842 λόγον·

253 856 311 897 Ἷὶ
334 857 406 908 τὴν
432 857 529 909 ἐμὴν
553 858 772 910 πέρσαντες
796 857 972 909 Ἀργεῖοι
997 858 1128 903 πόλιν,

259 926 406 965 ἑκοῦσα
430 926 602 981 θνῄσκω·
640 924 692 975 μή
718 942 776 966 τις
802 923 954 976 ἅψηται
978 924 1098 977 χροὸς

258 992 416 1042 τούμοῦ·
453 990 608 1044 παρέξω
634 993 708 1043 γὰρ
734 990 850 1043 δέρην
876 991 1097 1042 εὐκαρδίως.

261 1057 471 1110 ἐλευθέραν
495 1057 539 1099 δέ
560 1058 614 1109 μ’,
642 1058 693 1099 ὡς
717 1057 905 1109 ἐλευθέρα
931 1056 1046 1103 θάνω,
1423 1070 1486 1101 550

260 1124 357 1177 πρὸς
381 1127 492 1170 θεῶν,
518 1123 704 1175 μεθέντες
729 1123 909 1165 κτείνατ’·
950 1125 991 1165 ἐν
1015 1127 1189 1176 νεκροῖσι
1215 1125 1289 1175 γὰρ

258 1191 378 1241 δούλη
405 1193 622 1243 κεκλῆσθαι
646 1192 816 1242 βασιλὶς
840 1189 925 1230 οῧσ’
951 1190 1203 1243 αἰσχύνομαι.

323 1258 414 1298 λαοὶ
439 1257 472 1297 δ’
497 1258 782 1310 ἐπερρόθησαν,
810 1256 1070 1309 Ἀγαμέμνων
1095 1256 1128 1296 τ’
1152 1255 1255 1307 ἄναξ

260 1325 367 1365 εἶπεν
393 1326 569 1375 μεθεῖναι
592 1323 788 1376 παρθένον
814 1325 998 1365 νεανίαις.

258 1388 308 1441 [οἳ
335 1390 379 1437 δ’,
408 1391 458 1432 ὡς
481 1390 639 1445 τάχιστ’
665 1390 842 1441 ἤκουσαν
863 1390 1038 1441 ὑστάτην
1062 1392 1152 1436 ὅπα,
1421 1402 1484 1433 555

258 1460 443 1508 μεθῆκαν,
471 1457 593 1509 οὗπερ
617 1458 678 1497 καὶ
703 1457 894 1510 μέγιστον
920 1457 967 1508 ἧν
993 1455 1160 1509 κράτος.]

260 1524 371 1564 κάπεὶ
396 1523 476 1564 τόδ’
503 1522 713 1574 εἰσήκουσε
737 1527 941 1565 δεσποτῶν
965 1524 1070 1569 ἔπος,

256 1594 443 1641 λαβοῦσα
466 1589 642 1633 πέπλους
667 1590 712 1641 ἐξ
733 1590 854 1642 ἄκρας
878 1591 1070 1641 ἐπωμίδος

258 1657 394 1709 ἔρρηξε
418 1658 592 1710 λαγόνας
619 1659 657 1700 ἐς
679 1657 806 1708 μέσας
831 1657 920 1708 παρ’
946 1657 1144 1709 ὀμφαλόν,

257 1724 431 1774 μαστούς
455 1723 489 1764 τ’
517 1723 640 1775 ἔδειξε
665 1723 811 1776 στέρνα
835 1723 870 1763 θ’
895 1723 946 1766 ὡς
971 1723 1198 1775 ἀγάλματος
1418 1726 1482 1765 560

259 1790 468 1838 κάλλιστα,
498 1791 559 1831 καὶ
585 1794 750 1832 καθεῖσα
774 1790 871 1842 πρὸς
895 1794 1012 1843 γαῖαν
1036 1790 1130 1841 γόνυ

254 1856 366 1908 ἔλεξε
390 1857 547 1898 πάντων
570 1857 893 1908 τλημονέστατον
915 1858 1051 1908 λόγον·

258 1923 372 1971 Ἰδού,
398 1924 491 1971 τόδ’,
520 1926 553 1965 εἰ
576 1926 647 1975 μὲν
673 1923 851 1976 στέρνον,
878 1921 907 1962 ὦ
933 1924 1079 1968 νεανία,

258 1991 388 2031 παίειν
412 1994 601 2047 προθυμῇ,
629 1995 789 2038 παῖσον,
815 1992 849 2032 εἰ
874 1989 906 2029 δ’
929 1989 994 2029 ὑπ’
1019 1987 1167 2041 αὐχένα

256 2058 425 2114 χρῄζεις,
451 2057 621 2109 πάρεστι
642 2057 786 2109 λαιμὸς
810 2055 997 2108 εὐτρεπὴς
1021 2056 1099 2095 ὅδε.
1416 2056 1478 2097 565

199 2162 264 2190 540
298 2153 349 2184 δὸς
380 2151 406 2183 δ’
438 2151 520 2181 VB²
705 2154 855 2193 εὐμαροῦς
889 2149 1113 2181 Heimsoeth:
1145 2147 1199 2181 ἀπ’
1231 2148 1318 2190 ἠρίον
1349 2147 1478 2178 Verrall

156 2205 216 2234 541
243 2195 364 2236 πάτρας
380 2195 470 2226 ΑΜ2
602 2205 665 2235 543
690 2195 894 2236 ἀμφιχρύσου
911 2193 1126 2224 Herwerden
1259 2201 1324 2230 549
1346 2189 1425 2232 γὰρ]
1444 2188 1478 2222 δὲ

157 2238 189 2268 Μ
204 2238 250 2268 L:
277 2249 362 2271 corr.
382 2238 430 2269 Μ2
545 2248 605 2278 551
631 2239 768 2271 κτείνετ’
787 2238 819 2268 Μ
841 2237 1014 2277 (aoristum
1033 2237 1071 2275 Σ)
1174 2245 1236 2274 553
1260 2234 1308 2274 τ’]
1327 2234 1353 2266 δ’
1370 2233 1439 2263 VL
1452 2233 1478 2263 P

156 2291 219 2321 555
244 2281 381 2323 ὑστέραν
400 2281 432 2312 Μ
450 2286 483 2312 et
499 2286 523 2315 Σ
540 2287 574 2313 et
589 2295 639 2323 γρ.
662 2282 689 2312 Β
793 2290 867 2321 555,
884 2281 948 2319 556
972 2280 1036 2310 del.
1055 2279 1180 2317 Jacobs
1291 2287 1355 2316 559
1377 2276 1477 2316 μέσας

157 2323 309 2357 Brunck:
335 2324 436 2365 μέσον
453 2326 550 2356 codd.
569 2330 601 2355 et
618 2330 641 2358 Σ
659 2324 815 2365 (λαγόνος
833 2323 897 2354 OF
914 2328 947 2353 et
965 2322 1158 2362 Byzantini)
1288 2322 1352 2360 560
1376 2321 1477 2360 ἀγαλ-

155 2367 264 2407 μάτων
278 2368 304 2398 Ρ
402 2369 461 2407 561
482 2367 715 2400 κατθεΐσαΑν
728 2368 798 2398 Pet
811 2367 955 2398 sortasse
970 2366 996 2396 L
1013 2378 1019 2397 :
1037 2376 1119 2396 corr.
1133 2366 1145 2394 l
1239 2366 1302 2403 565
1321 2363 1475 2404 εὐπρεπὴς

157 2410 183 2441 L
200 2416 233 2442 et
251 2411 405 2450 primitus
423 2411 450 2441 B
464 2411 491 2441 P
