1683 2732
194 164 233 198 οὐ
249 164 502 209 κατεμέμψατο,
515 166 634 198 τοῦτον
649 163 685 198 δὲ
703 161 966 208 παρεμυθήσατο
980 163 1054 195 υἱοῦ
1067 160 1121 195 καὶ
1135 160 1290 206 γυναικὸς
1304 158 1523 206 στερηθέντιΰ

193 225 240 268 τῷ
260 223 296 256 δέ
314 221 505 269 Ἱππολύτῳ
523 223 621 266 τιμὰς
638 222 708 267 ἔφη
725 220 928 266 ἐπιχωρίους
945 218 1278 266 ἐγκαταστὴσεσθαι.

243 388 284 424 ‘H
320 391 424 435 σκηνὴ
464 392 524 425 τοῦ
559 390 726 435 δράματος
763 389 933 424 ὑπόκειται
968 389 1003 423 ἐν
1036 387 1202 433 Ἀθήναις.
1264 386 1426 431 ἐδιδάχθη
1466 386 1522 421 ε’πὶ

195 447 430 494 Ἐπαμείνονος
464 448 630 494 ἄρχοντος
664 447 847 493 ὀλυμπιάδι
883 445 940 489 πζ’
971 447 1038 481 ἔτει
1073 446 1111 480 δ’.
1169 448 1302 488 πρῶτος
1333 445 1525 490 Εὐριπίδης,

196 505 350 551 δεύτερος
366 506 502 552 Ἰοφῶν,
520 504 732 551 τρίτοςἼων.
781 507 856 540 ἔστι
884 505 920 539 δέ
947 504 1044 539 οὗτος
1059 503 1263 539 Ἱππόλυτος
1290 501 1446 547 δεύτερος
1463 500 1527 550 <ὁ>
1547 517 1563 548 5

196 566 247 600 καὶ
265 566 452 611 στεφανίας
465 566 814 611 προσαγορευόμενος.
856 564 1055 609 ἐμφαίνεται
1074 563 1110 597 δὲ
1128 560 1271 608 ὕστερος
1285 561 1526 607 γεγραμμένος”

195 625 233 659 τὸ
251 626 317 670 γὰρ
335 623 481 668 ἀπρεπὲς
507 624 558 658 καὶ
583 624 783 669 κακηγορίας
806 623 903 668 ἶίξιον
922 622 958 657 ἐν
974 620 1083 668 τούτῳ
1102 620 1288 662 διώρθωται
1307 622 1352 666 τῷ
1373 620 1526 665 δράματι.

196 684 234 718 τὸ
253 683 289 718 δὲ
309 683 418 728 δρᾶμα
436 685 502 717 τῶν
518 683 669 728 πρώτων.

245 791 257 810 1
285 782 340 812 οὐκ
359 779 522 820 ἐμέμψατο
542 780 625 818 Nap.
648 778 718 817 (οὐκ
736 777 947 817 ἀπεπέμψατο
965 777 997 807 Μ
1010 776 1056 818 V)
1170 786 1188 805 2
1215 775 1402 817 ἐπιχωρίους
1420 775 1504 814 Nap.
1522 787 1527 805 :

197 827 258 865 γῆς
277 823 382 854 ceteri
495 822 800 863 ἐγκαταστήσασθαι
819 821 915 851 codd.

244 867 275 898 11
305 865 565 905 ‘Aristophanis
582 869 820 904 argumentum
839 865 947 903 capite
968 868 1122 894 truncum
1134 863 1142 875 ’
1157 872 1232 893 esse
1250 862 1333 892 vidit
1353 859 1534 892 Kirchhoff

198 922 218 950 3
244 914 278 944 ἐν
291 911 402 949 θήβαις
417 909 512 940 codd.
531 921 538 940 z
567 912 601 942 ἐν
613 907 779 950 (Τροιζῆνι
797 909 847 939 καὶ
865 910 900 939 οὐ
918 906 1057 948 καθάπερ
1073 909 1131 938 τοῦ
1149 905 1302 947 προτέρου
1316 904 1372 947 ἐν)
1385 905 1528 942 Ἀθήναις

200 955 397 986 Schwartz:
413 953 473 984 sed
487 952 527 984 cf.
540 964 626 992 quae
641 953 682 983 ad
696 952 766 983 init.
784 951 976 981 notavimus
1045 951 1096 981 ἐπὶ
1109 949 1333 988 Ἐπαμείνονος
1347 948 1528 979 Matthiae:

200 1000 251 1030 ἐπὶ
269 997 433 1037 ἀμείνονος
452 996 648 1035 ςᾶμεινῶνος,
670 995 839 1035 ἆμῆνονοςλ
860 995 959 1025 codd.
1111 1004 1130 1031 4
1155 991 1228 1032 πζἼ
1248 991 1302 1031 VC
1318 992 1347 1022 V
1367 993 1434 1031 (ἐπὶ
1451 992 1526 1022 add.

201 1041 232 1071 M
245 1041 275 1071 A
289 1041 327 1077 Β,
347 1041 410 1081 γὰρ
426 1040 503 1071 add.
520 1040 608 1080 Nap.
623 1043 703 1070 ante
721 1037 913 1078 numerum)
1005 1046 1024 1077 5
1049 1039 1065 1069 ὁ
1083 1036 1159 1067 add.
1177 1036 1298 1067 Nauck
1389 1045 1406 1074 7
1432 1047 1528 1073 nom-77<

199 1085 308 1125 γορίας
327 1083 357 1114 D

1354 2379 1409 2409 13*
