1683 2732
173 1593 245 1630 Xo.

175 1727 244 1764 Εκ.

213 2159 277 2188 312
304 2150 422 2181 ἄπεστι
439 2150 470 2180 Α
487 2150 672 2191 (ἐχρώμεθ’,
690 2153 730 2183 ὡς
747 2150 774 2182 δ’
793 2151 916 2189 Cobet)

740 91 944 129 EKABH

280 192 417 232 οὔκουν
442 192 522 232 τόδ’
549 194 732 246 αἰσχρόν,
761 195 794 233 εἰ
817 193 1014 244 βλέποντι
1036 197 1109 245 μὲν
1134 195 1241 248 φίλῳ

280 258 492 312 χρώμεσθ’,
518 260 602 299 ἐπεὶ
628 259 660 298 δ’
685 261 828 305 ὄλωλε,
855 259 907 310 μὴ
933 260 1133 312 χρώμεσθ’
1159 261 1234 307 ἕτι;

282 326 373 365 εἶεν·
411 326 450 365 τί
471 325 553 375 δῆτ’
579 327 661 376 ἐρεῖ
684 342 753 372 τις,
781 325 829 376 ἤν
854 343 912 367 τις
938 326 984 365 αὖ
1009 331 1116 382 φανῇ

279 395 448 443 στρατοῦ
471 391 504 430 τ’
531 391 709 442 ἄθροισις
734 393 936 443 πολεμίων
961 391 995 431 τ’
1023 393 1191 444 ἀγωνία;

278 458 423 510 πότερα
446 458 663 510 μαχούμεθ’
688 455 711 508 ἢ
740 458 1094 511 φιλοψυχήσομεν,

278 523 347 564 τὸν
373 524 600 564 κατθανόνθ’
627 525 794 576 ὁρῶντες
820 525 864 564 οὐ
888 526 1127 576 τιμώμενον,-

279 590 340 630 καὶ
365 591 442 642 μὴν
468 590 601 643 ἔμοιγε
628 592 740 641 ζῶντι
764 592 849 642 μέν,
879 591 961 631 καθ’
986 591 1134 643 ἡμέραν

247 654 250 656 ’
280 659 336 697 κεί
362 657 492 710 σμίκρ’
519 658 661 711 ἔχοιμι,
688 657 802 698 πάντ’
829 657 876 698 ἂν
901 659 1122 709 ἀρκούντως
1147 658 1247 712 ἔχοι·

276 724 430 775 τύμβον
456 727 497 764 δὲ
522 725 746 775 βουλοίμην
773 724 821 765 ἂν
847 723 1079 776 ἀξιούμενον

275 790 343 831 τὸν
369 790 463 841 ἐμὸν
489 792 669 842 ὁρᾶσθαι·
706 793 768 831 διὰ
793 795 940 843 μακροῦ
966 793 1040 844 γὰρ
1065 792 1088 842 ἡ
1113 791 1239 845 χάρις.

276 858 308 896 εἰ
335 857 367 896 δ’
393 859 527 909 οἰκτρὰ
553 857 726 911 πάσχειν
753 860 845 915 φῄς,
872 858 955 898 τάδ’
981 857 1171 899 ἀντάκουέ
1195 875 1281 910 μου·

276 924 378 964 εἰσὶν
404 923 493 976 παρ’
519 924 611 975 ἡμῖν
637 925 747 965 οὐδὲν
774 925 904 975 ἧσσον
929 925 1065 965 ἄθλιαι

276 995 408 1042 γραῖαι
433 995 612 1043 γυναῖκες
636 991 704 1041 ἠδὲ
731 995 953 1043 πρεσβῦται
979 991 1109 1038 σέθεν,

275 1057 424 1109 νύμφαι
448 1057 480 1096 τ’
508 1059 680 1109 ἀρίστων
706 1060 887 1111 νυμφίων
911 1059 1141 1109 τητώμεναι,

274 1124 329 1164 ὧν
352 1124 422 1174 ἥδε
448 1125 575 1164 κεύθει
600 1125 748 1175 σώματ’
774 1124 897 1165 Ἰδαία
923 1126 1041 1166 κόνις.

273 1191 400 1241 τόλμα
424 1190 521 1231 τάδ’.
590 1191 701 1242 ἡμεῖς
726 1191 771 1237 δ’,
801 1193 834 1232 εἰ
859 1196 984 1233 κακῶς
1009 1192 1216 1243 νομίζομεν

273 1260 389 1307 τιμᾶν
413 1257 483 1297 τὸν
508 1258 668 1305 ἐσθλόν,
698 1259 867 1309 ἀμαθίαν
892 1257 1141 1311 ὀφλήσομεν·

275 1326 312 1364 οἱ
337 1323 540 1376 βάρβαροι
564 1327 606 1364 δὲ
631 1325 728 1375 μήτε
752 1325 842 1366 τοὺς
869 1327 1012 1377 φίλους
1039 1327 1182 1377 φίλους

273 1390 449 1442 ἡγεῖσθε,
475 1391 574 1442 μήτε
599 1391 688 1433 τοὺς
716 1396 844 1434 καλῶς
869 1392 1106 1442 τεθνηκότας

273 1457 494 1508 θαυμάζεθ’,
524 1458 574 1499 ὡς
601 1457 648 1498 ἂν
672 1459 695 1508 ἡ
721 1461 793 1509 μὲν
819 1458 970 1500 Ἑλλὰς
997 1459 1151 1515 εὐτυχῇ,

271 1524 380 1574 ὑμεῖς
407 1523 439 1564 δ’
467 1524 576 1577 ἔχηθ’
603 1525 718 1575 ὅμοια
741 1529 823 1566 τοῖς
848 1525 1135 1576 βουλεύμασιν.

273 1592 366 1630 αἰαῖ·
403 1590 447 1630 τὸ
471 1594 612 1632 δοῦλον
639 1592 689 1633 ὡς
716 1592 832 1632 κακὸν
858 1591 1001 1644 πέφυκ’
1027 1593 1086 1632 ἀεὶ

271 1662 400 1712 τολμᾷ
426 1657 459 1697 θ’
483 1657 507 1697 δι
531 1658 583 1708 μὴ
608 1657 698 1711 χρή,
726 1664 773 1715 τῇ
799 1659 872 1712 βίᾳ
896 1658 1122 1709 νικώμενον.

272 1721 300 1763 ὦ
327 1724 506 1777 θύγατερ,
534 1726 645 1775 οὑμοὶ
669 1727 741 1776 μὲν
766 1726 883 1777 λόγοι
908 1725 1004 1776 πρὸς
1029 1724 1165 1776 αἰθέρα

274 1794 439 1843 φροῦδοι
462 1790 590 1842 μάτην
614 1791 796 1844 ῥιφέντες
823 1793 926 1844 ἀμφὶ
953 1795 1026 1831 σοῦ
1051 1792 1188 1843 φόνου·

273 1857 323 1897 σὺ
348 1857 394 1902 δ’,
423 1859 460 1898 εἴ
481 1874 517 1897 τι
541 1858 658 1908 μείζω
685 1859 848 1909 δύναμιν
872 1855 895 1907 ἦ
922 1857 1048 1909 μήτηρ
1069 1858 1187 1910 ἔχεις,

273 1924 469 1973 σπούδαζε
493 1923 624 1965 πάσας
649 1924 745 1964 ὥστ’
771 1925 936 1975 ἀηδόνος
961 1925 1090 1974 στόμα

272 1991 454 2042 φθογγὰς
480 1993 595 2037 ἱεῖσα,
623 1991 675 2042 μὴ
702 1993 938 2043 στερηθῆναι
962 1992 1067 2041 βίου.

271 2057 495 2108 πρόσπιπτε
520 2057 553 2109 δ’
578 2059 739 2110 οἰκτρῶς
762 2057 864 2097 τοῦδ’
890 2057 1120 2099 Ὀδυσσέως
1145 2057 1242 2109 γόνυ

1442 472 1502 504 315

1439 804 1501 836 3²0

1438 1137 1499 1169 325

1438 1470 1499 1502 330

1435 1801 1495 1833 335

1050 2160 1113 2188 319
1137 2150 1280 2180 Videtur
1297 2148 1495 2179 Eustathius

173 2193 243 2232 (pp.
260 2194 333 2231 666,
355 2195 398 2231 46
415 2199 449 2223 et
466 2194 540 2232 801,
564 2195 620 2232 53)
647 2194 772 2233 aliquid
798 2195 839 2224 de
864 2194 997 2224 coronis
1022 2193 1266 2233 sepulcralibus
1292 2193 1345 2223 hic
1369 2193 1494 2223 dictum

173 2237 366 2275 invenisse;
398 2238 581 2267 memoriae
606 2237 711 2277 lapsu,
740 2243 820 2277 puto

955 2247 1017 2275 332
1049 2236 1164 2276 πέφυκ’
1189 2237 1237 2268 ἀεὶ
1263 2235 1338 2266 PF²
1350 2235 1394 2266 Ο2
1420 2246 1493 2266 cum

172 2280 264 2310 Stob.
283 2281 334 2311 62.
355 2289 415 2318 25:
440 2280 526 2310 idem
552 2281 585 2312 ἔν
607 2294 669 2312 τινι
694 2281 769 2313 λίαν
785 2285 908 2321 παλαιῷ
925 2284 988 2311 τῶν
1011 2279 1215 2321 ἀντιγράφων
1232 2290 1307 2310 esse
1325 2279 1405 2309 dicit
1422 2279 1494 2309 Tri-

171 2323 310 2353 clinius:
336 2323 509 2363 πεφυκέναι
537 2323 568 2352 Μ
580 2324 646 2353 AV
659 2324 685 2354 L
702 2329 736 2355 et
753 2324 818 2357 ΣΥ
837 2325 869 2362 (ἰ.
885 2335 913 2353 e.
932 2323 1072 2363 πέφυκεν
1097 2324 1143 2360 ἀί)

171 2380 265 2406 μενον
280 2367 371 2397 Stob.
390 2371 423 2396 et
439 2367 581 2397 fortasse
598 2371 621 2400 Σ
632 2367 662 2397 V
808 2377 869 2406 337
896 2367 974 2398 ὥστ’
993 2367 1090 2397 codd.
1108 2372 1142 2397 et
1158 2370 1182 2399 Σ

1276 2333 1337 2361 333
1364 2321 1494 2364 κρατού-
