1683 2732
659 67 909 103 ΜΗΔΕΙΑ

228 169 290 208 καὶ
316 171 438 208 τῶνδε
462 167 651 219 γονάτων,
681 168 732 209 ὡς
756 167 883 218 μάτην
911 166 1166 221 κεχρῴσμεθα

228 238 344 274 κακοῦ
369 234 464 286 πρὸς
488 235 638 287 ἀνδρός,
669 235 842 274 ἐλπίδων
867 233 900 274 δ’
926 233 1161 286 ἡμάρτομεν.

290 300 366 353 ἄγ’·
404 301 454 344 ὡς
479 302 586 357 φίλῳ
612 303 686 355 γὰρ
711 303 796 342 ὄντι
822 318 888 342 σοι
913 301 1154 352 κοινώσομαι

225 369 455 407 ᾖ-δοκοῦσα
478 368 550 417 μὲν
575 367 616 406 τί
638 367 735 418 πρός
761 383 805 418 γε
834 370 908 406 σοῦ
934 365 1096 419 πράξειν
1123 369 1270 413 καλῶς;
1392 380 1453 410 500

227 433 330 484 ὅμως
356 433 402 473 δ’·
439 432 646 484 ἐρωτηθεὶς
672 434 746 485 γὰρ
773 434 945 487 αἰσχίων
972 439 1138 490 φανῇ-

227 503 295 540 νῦν
321 504 391 540 ποῖ
411 498 637 552 τράπωμαι;
678 500 824 552 πότερα
849 499 945 552 πρὸς
970 499 1116 552 πατρὸς
1142 500 1294 552 δόμους,

228 566 293 608 οὓς
320 567 384 606 σοὶ
410 569 609 618 προδοῦσα
638 567 699 607 καὶ
724 565 875 618 πάτραν
901 567 1118 619 ἀφικόμην;

227 629 250 683 ἢ
275 633 372 684 πρὸς
395 634 584 674 ταλαίνας
611 632 834 680 Πελιάδας;
875 637 1003 675 καλῶς
1026 633 1063 686 γ’
1090 633 1139 675 ἂν
1163 633 1232 674 οὖν

227 698 406 750 δέξαιντό
428 699 467 750 μ’
492 702 612 742 οἴκοις
638 701 692 740 ὧν
718 699 867 752 πατέρα
893 700 1143 741 κατέκτανον.
1389 713 1454 744 505

228 766 312 820 ἔχει
335 768 411 818 γὰρ
435 767 547 806 οὕτω·
586 770 669 808 τοῖς
693 769 765 817 μὲν
791 768 946 808 οἴκοθεν
972 768 1106 820 φίλοις

229 834 350 886 ἐχθρὰ
378 832 604 887 καθέστηχ’,
633 833 698 876 οὓς
725 833 768 874 δέ
791 833 829 884 μ’
855 834 923 874 οὐκ
948 835 1069 887 ἐχρῆν
1095 838 1220 876 κακῶς

227 903 333 951 δρᾶν,
362 901 426 941 σοὶ
451 900 566 953 χάριν
594 899 776 953 φέρουσα
802 902 1014 951 πολεμίους
1040 900 1131 954 ἔχω.

228 966 365 1018 τοιγάρ
390 985 436 1017 με
463 971 632 1009 πολλαῖς
662 968 856 1019 μακαρίαν
880 967 1129 1017 (Ελληνίδων

228 1033 368 1083 ἔθηκας
393 1034 478 1074 ἀντὶ
504 1037 638 1074 τῶνδε·
682 1033 910 1084 θαυμαστὸν
935 1033 977 1074 δέ
1003 1051 1050 1074 σε
1392 1048 1454 1079 510

228 1099 307 1153 ἔχω
334 1101 454 1140 πόσιν
481 1101 542 1140 καὶ
571 1100 714 1141 πιστὸν
740 1100 762 1151 ἡ
792 1100 943 1141 τάλαιν’
970 1100 1061 1153 ἐγώ,

229 1167 262 1206 εἰ
288 1166 484 1218 φεύξομαί
507 1184 551 1218 γε
579 1170 695 1218 γαῖαν
724 1166 1018 1219 ἐκβεβλημένη,

228 1234 360 1284 φίλων
385 1234 536 1285 ἔρημος,
567 1234 641 1274 σὺν
667 1234 816 1276 τέκνοις
841 1235 941 1284 μόνη
966 1235 1158 1285 μόνοις-

227 1300 349 1340 καλόν
375 1299 411 1351 γ’
438 1302 587 1342 ὄνειδος
614 1304 665 1355 τῷ
694 1302 837 1341 νεωστὶ
862 1302 1031 1355 νυμφίῳ,

227 1366 409 1420 πτωχοὺς
433 1367 609 1407 ἀλᾶσθαι
638 1370 780 1409 παῖδας
807 1367 830 1417 ἥ
854 1367 887 1406 τ’
912 1367 1048 1422 ἔσῳσά
1075 1385 1134 1408 σε,
1394 1381 1454 1411 515

293 1429 323 1472 ὦ
349 1434 439 1479 Ζεῦ,
466 1434 507 1473 τί
526 1432 572 1483 δὴ
599 1437 749 1486 χρυσοῦ
773 1436 846 1485 μὲν
870 1433 913 1478 ὃς
939 1435 1130 1486 κίβδηλος
1152 1434 1178 1492 ᾗ

226 1497 398 1551 τεκμήρι’
425 1499 694 1551 ἀνθρώποισιν
722 1499 888 1541 ὤπασας
912 1502 1037 1552 σαφῆ,

227 1567 377 1619 ἀνδρῶν
403 1565 435 1607 δ’
462 1567 537 1621 ὅτῳ
565 1566 641 1620 χρὴ
667 1565 736 1606 τὸν
762 1566 880 1607 κακὸν
906 1566 1101 1613 διειδέναι,

228 1632 354 1675 οὐδεὶς
378 1633 581 1687 χαρακτὴρ
607 1632 810 1686 ἐμπέφυκε
836 1634 1010 1685 σώματι;

127 1702 199 1740 Xo.
227 1699 333 1751 δεινή
358 1717 416 1743 τις
442 1700 538 1753 ὀργὴ
567 1701 628 1742 καὶ
654 1701 838 1742 δυσίατος
863 1700 989 1747 πέλει,
1392 1715 1455 1745 520

170 1793 234 1832 498
260 1794 389 1826 ἐλπίδος
406 1794 433 1826 δ’
450 1793 481 1824 Α
615 1804 678 1833 500
702 1793 762 1834 μὲν
778 1795 810 1826 τί
826 1794 952 1828 AVE:
977 1793 1037 1833 μέν
1053 1807 1083 1825 τι
1103 1794 1128 1824 L
1142 1794 1167 1824 Ρ
1180 1794 1207 1824 Β
1225 1806 1231 1824 :
1254 1807 1305 1835 γρ.
1323 1794 1400 1833 μήτι
1419 1793 1457 1823 Βι

127 1846 188 1875 501
214 1836 414 1869 E’om.AV
591 1847 654 1877 504
680 1836 768 1878 ’γ’ἂν
790 1837 976 1869 offuLPv:
1003 1838 1087 1870 τ’ἂν
1109 1837 1269 1869 οὗννΑῑ
1294 1838 1336 1869 τὰ
1358 1836 1457 1869 νῦνΒ

126 1889 189 1918 505
214 1880 325 1922 πατέρ’
344 1879 524 1913 ἀπέκτανον
540 1880 571 1911 Α
743 1891 805 1920 507
831 1880 898 1921 οὓς]
916 1880 961 1913 οἷς
977 1880 1009 1910 Α
1174 1891 1238 1919 509
1262 1881 1458 1918 Ἑλληνίδων

130 1923 155 1952 L
167 1923 224 1954 Pv
247 1929 279 1954 et
301 1923 500 1955 Alexander
522 1935 576 1964 ap.
594 1924 703 1956 VValz.
727 1925 897 1955 Rhetores
915 1924 972 1955 Gr.
990 1925 1056 1955 viii*
1074 1934 1134 1963 451
1151 1936 1156 1956 :
1183 1923 1229 1956 ἀν’
1247 1923 1389 1955 Ἑλλάδα
1406 1923 1433 1953 Β
1451 1935 1458 1954 :

127 1967 268 1999 Ἑλλάδα
292 1967 510 1998 Herodianus
535 1968 575 1998 ib.
595 1978 625 2007 p.
646 1978 721 2008 590,
740 1968 896 1999 Zonaeus
921 1969 961 1999 ib.
984 1978 1013 2007 p.
1034 1969 1121 2007 679:
1146 1967 1214 1999 καθ’
1232 1966 1373 1998 Ἐλλάδα
1388 1965 1458 1997 AV

127 2019 187 2049 511
230 2010 364 2051 πιστὸν]
405 2012 523 2048 σεμνὸν
561 2011 776 2042 Alexander:
819 2013 988 2048 κᾶπιστον,
1032 2009 1287 2050 ‘incredibilean
1327 2009 1455 2040 Verrall

128 2063 190 2092 512
213 2067 253 2094 ’γε
273 2054 399 2093 Ηειυη.,
421 2055 606 2086 Herodian.
629 2059 662 2085 et
678 2055 804 2086 Zonae.
825 2056 875 2086 (ut
892 2055 1028 2094 quidem
1048 2055 1128 2085 editi
1146 2060 1235 2092 sunt,
1255 2054 1314 2085 sed
1331 2067 1371 2095 γε
1389 2064 1452 2085 om.

127 2097 221 2126 multi
247 2098 383 2128 codices
409 2098 631 2138 Herodianij:
657 2112 693 2130 τε
717 2098 851 2130 AVB:
879 2099 913 2130 δὲ
939 2098 1026 2128 LP:
1051 2100 1089 2137 δὴ
1117 2098 1276 2138 Hartung
1363 2098 1456 2139 ’γαίας

127 2140 283 2171 Zonaeus
452 2151 514 2180 513
547 2142 665 2183 φίλων]
691 2141 795 2179 δόμων
821 2141 1007 2172 Herodian.
1036 2147 1069 2172 et
1093 2141 1215 2173 Zonae.
1349 2141 1457 2181 μόνοις

125 2183 208 2223 μόνη
225 2183 351 2215 Zonae.
371 2188 405 2214 et
422 2185 557 2215 codices
573 2185 701 2224 aliquot
719 2185 908 2215 Herodiani
1035 2194 1097 2223 514
1122 2189 1166 2226 τῷ
1186 2211 1191 2216 .
1211 2209 1218 2216 .
1240 2210 1247 2217 .
1266 2185 1388 2226 νυμφίῳ
1407 2184 1433 2214 Β
1449 2196 1454 2215 :

128 2233 192 2262 τῶν
217 2254 224 2261 .
241 2255 248 2261 .
269 2254 276 2262 .
305 2230 426 2272 νυμφίω
453 2229 499 2259 P:
531 2231 597 2260 τῶν
709 2230 850 2270 νυμφίων
873 2227 946 2258 AV
971 2232 1013 2267 et,
1037 2229 1099 2259 nisi
1126 2228 1233 2268 fallor,
1261 2229 1287 2259 L
1312 2229 1455 2259 sortasse

128 2276 220 2302 recte
386 2274 450 2312 516
474 2271 511 2315 ᾖ]
536 2272 576 2311 ἣν
599 2273 703 2305 Clem.
732 2274 830 2305 Alex.
860 2274 981 2306 Strom.
1011 2274 1051 2305 vi.
1080 2283 1109 2313 p.
1137 2274 1210 2312 265,
1240 2272 1332 2304 Stob.
1359 2283 1389 2303 2.
1418 2273 1456 2301 16

130 2316 247 2356 (recte,
263 2320 359 2355 putat
378 2316 551 2357 Hartung)
683 2318 745 2356 518
769 2318 858 2348 inter
875 2319 937 2358 χρὴ
955 2322 987 2348 et
1005 2319 1089 2358 χρῆν
1106 2317 1266 2348 fluctuant
1286 2316 1320 2346 L'
1341 2320 1373 2346 et
1390 2315 1431 2345 Λι
