1651 2780
651 116 1000 154 ΕΎῬΙΠΙΔΟΎ

260 218 426 258 ἐνταῦθα
451 216 496 268 δὴ
522 216 705 271 ’δάκρυσε
732 220 794 260 καὶ
818 219 930 272 λέγει
953 220 1059 261 τάδε·

254 283 311 323 ”Ὠ
336 284 514 336 λέκτρον,
542 285 637 325 ἔνθα
661 285 858 337 παρθένει’
883 286 994 328 ἔλυσ’
1020 287 1098 339 ἐγὼ

261 350 462 403 κορεύματ’
489 352 530 391 ἐκ
555 351 657 391 τοῦδ’
684 353 835 404 ἀνδρός,
862 353 905 394 οὗ
931 355 1089 410 θνῄσκω
1114 353 1215 406 πέρι,

257 417 376 469 χαῖρ’·
414 417 458 457 οὐ
483 419 557 470 γὰρ
583 419 753 471 ἐχθαίρω
779 419 833 458 σ’·
871 420 1084 462 ἀπώλεσας
1110 420 1142 460 δ’
1170 422 1237 471 ἐμὲ

257 485 394 534 μόνην·
432 487 641 536 προδοῦναι
666 485 740 537 γάρ
766 485 804 525 σ’
830 487 1001 527 ὀκνοῦσα
1026 488 1088 527 καὶ
1113 488 1235 528 πόσιν
1421 493 1483 525 180

258 552 430 607 θνῄσκω.
503 553 550 592 σὲ
576 551 608 591 δ’
634 551 737 602 ἄλλη
763 569 822 594 τις
846 553 942 605 γυνὴ
970 552 1214 604 κεκτήσεται,

258 618 433 670 σώφρων
456 619 529 668 μὲν
554 617 621 658 οὐκ
647 618 695 659 ἂν
719 621 887 669 μᾶλλον,
916 620 1080 673 εὐτυχὴς
1104 620 1138 661 δ’
1164 622 1275 662 ἴσως.

325 687 431 725 κυνεῖ
452 686 494 725 δὲ
518 686 832 736 προσπίτνουσα,
860 689 938 728 πᾶν
962 689 1003 728 δὲ
1028 686 1186 739 δέμνιον

256 750 595 806 ὀφθαλμοτέγκτῳ
621 752 772 793 δεύεται
798 754 1050 806 πλημμυρίδι.

256 818 340 859 ἐπεὶ
365 820 406 859 δὲ
431 822 593 860 πολλῶν
618 820 793 872 δακρύων
818 820 926 874 εἶχεν
952 821 1079 872 κόρον,
1423 827 1480 866 185

255 886 407 938 στείχει
431 885 640 937 προνωπὴς
664 887 892 928 ἐκπεσοῦσα
916 889 1095 938 δεμνίων,

255 952 317 992 καὶ
343 954 476 992 πολλὰ
503 951 690 1004 θαλάμων
717 952 861 1004 ἐξιοῦσ’
889 954 1119 1007 ἐπεστράφη

255 1018 446 1072 κᾶρριψεν
472 1019 591 1069 αὑτὴν
618 1019 727 1062 αὖθις
751 1022 791 1062 ἐς
817 1022 947 1071 κοίτην
970 1020 1105 1062 πάλιν.

253 1088 388 1127 παῖδες
414 1087 454 1126 δὲ
480 1085 644 1127 πέπλων
668 1086 812 1139 μητρὸς
838 1086 1089 1139 ἐξηρτημένοι

256 1151 428 1193 ἔκλαιον·
466 1151 489 1203 ἢ
516 1154 557 1193 δὲ
582 1152 835 1204 λαμβάνουσ’
860 1155 900 1196 ἐς
925 1153 1102 1206 ἀγκάλας
1420 1169 1482 1201 190

252 1218 440 1269 ἠσπάζετ’
466 1219 604 1260 ἄλλοτ’
631 1219 769 1267 ἄλλον,
797 1220 848 1262 ὡς
873 1220 1105 1271 θανουμένη.

253 1285 398 1328 πάντες
422 1286 455 1326 δ’
481 1286 641 1327 ἔκλαιον
665 1286 812 1328 οἰκέται
839 1289 935 1328 κατὰ
961 1287 1108 1339 στέγας

252 1351 738 1411 δέσποιναν-οἰκτίροντες.
810 1352 832 1404 ἢ
858 1356 899 1394 δὲ
924 1351 1056 1403 δεξιὰν

252 1419 446 1471 προύτειν’
472 1419 639 1475 ἑκάστῳ,
668 1420 794 1461 κοῦτις
821 1419 868 1470 ἦν
892 1422 992 1462 οὕτω
1018 1420 1134 1463 κακὸς

253 1484 296 1526 ὃν
322 1485 365 1526 οὐ
392 1490 586 1539 προσεῖπε
612 1487 674 1527 καὶ
700 1486 948 1540 προσερρήθη
975 1486 1110 1528 πάλιν.
1418 1502 1478 1533 195

250 1552 395 1593 τοιαῦτ’
422 1554 464 1593 ἐν
487 1555 607 1595 οἴκοις
631 1553 742 1594 ἐστὶν
767 1552 962 1605 Ἀδμήτου
988 1553 1097 1594 κακά.

253 1620 313 1660 καὶ
340 1620 539 1661 κατθανών
564 1619 636 1660 τᾶν
663 1620 788 1666 ὤλετ’,
818 1621 1000 1673 ἐκφυγών
1026 1620 1058 1661 δ’
1084 1620 1166 1674 ἔχει

249 1689 438 1726 τοσοῦτον
462 1686 597 1739 ἄλγος,
626 1687 670 1727 οὗ
695 1687 889 1727 ποτ’-οὐ
912 1686 1143 1738 λελήσεται.

148 1756 220 1793 Χο.
247 1751 271 1802 ἦ
296 1769 371 1793 που
396 1752 575 1804 στενάζει
598 1753 739 1794 τοισίδ’
760 1753 958 1805 ’Ἄδμητος
984 1758 1126 1801 κακοῖς,

249 1820 398 1871 ἐσθλῆς
423 1819 605 1872 γυναικὸς
631 1822 664 1861 εἰ
690 1821 931 1872 στερηθῆναί
953 1826 1035 1873 σφε
1059 1820 1156 1874 χρή,·
1412 1834 1476 1857 200

150 1887 221 1926 Θε.
250 1887 376 1927 κλαίει
402 1886 438 1939 γ’
463 1886 614 1927 ἄκοιτιν
640 1889 681 1928 ἐν
705 1891 841 1941 χεροῖν
866 1888 991 1940 φίλην
1017 1888 1134 1941 ἔχων,

248 1953 311 1993 καὶ
335 1953 387 2004 μὴ
414 1957 623 2006 προδοῦναι
648 1955 848 2001 λίσσεται,
876 1953 1086 2008 τάμήχανα

192 2044 253 2084 178
271 2044 408 2076 damnat
421 2045 538 2077 Nauck
552 2057 559 2085 ;
584 2046 700 2077 habuit
715 2051 738 2080 Σ
826 2046 913 2088 πέρι]
926 2046 1022 2088 πάρος
1032 2045 1265 2078 Wilamowitz
1369 2055 1430 2085 179
1446 2047 1474 2078 δ’

147 2087 219 2129 ἐμὲ]
243 2088 281 2120 δέ
301 2102 341 2128 με
365 2099 494 2128 omnes,
520 2095 556 2121 ut
580 2090 661 2122 vid..
688 2090 784 2121 codd.
923 2091 984 2121 180
1011 2089 1128 2131 μόνην]
1151 2090 1249 2129 μόνον
1271 2088 1474 2121 Blomfield:

146 2131 288 2162 sortasse
306 2131 343 2164 δέ
356 2141 409 2171 με·
431 2133 513 2172 μόνη
530 2147 580 2175 πρ.
598 2147 629 2175 γ.
649 2134 680 2165 «τ’
697 2141 796 2166 κ.τ.λ.
905 2135 964 2165 182
989 2135 1045 2165 οὐκ
1063 2134 1100 2165 ἃν
1118 2133 1144 2163 L
1157 2132 1224 2163 PV
1237 2132 1263 2163 B
1281 2138 1315 2163 et
1332 2133 1391 2164 Ar.
1411 2132 1473 2173 Eq.

148 2184 229 2214 1252
247 2185 321 2205 cum
339 2180 362 2209 Σ
379 2175 439 2207 Ar.
456 2177 498 2207 ad
515 2177 577 2208 loc.
595 2191 600 2209 :
628 2178 701 2218 οὐχὶ
720 2177 842 2207 Suidas
858 2186 884 2208 s.
896 2187 926 2208 v.
944 2177 1088 2215 κλέπτης
1225 2177 1285 2214 184
1311 2176 1473 2216 ὀφθαλμο-

145 2218 274 2259 τέγκτῳ
300 2218 375 2249 Pb:
408 2219 662 2261 ὀφθαλμοτέκτῳ
686 2220 794 2250 VBL
941 2220 1051 2253 δεύετο
1077 2219 1149 2258 LP,
1178 2220 1234 2259 qui
1260 2221 1361 2251 etiam
1385 2219 1473 2252 κύνει

145 2267 359 2301 paroxytone
376 2272 479 2302 supra
580 2264 639 2302 187
665 2263 815 2303 θαλάμων
833 2263 969 2295 Nauck:
995 2263 1137 2303 θάλαμον
1154 2263 1250 2294 codd.
1352 2273 1413 2303 190
1438 2266 1473 2295 ἐν

145 2305 302 2346 ἀγκάλαις
320 2306 346 2336 L
359 2305 384 2336 P
499 2317 557 2346 197
582 2306 611 2339 τ’
630 2308 668 2339 ἂν
684 2307 780 2338 codd.
881 2307 909 2339 δ’
926 2307 956 2337 V
968 2307 994 2337 B
1009 2307 1053 2338 L:
1079 2307 1109 2338 τ’
1127 2306 1154 2337 Ρ
1279 2307 1339 2346 198
1365 2305 1476 2346 ‘quod

144 2349 434 2387 aliquando—non
452 2351 568 2380 oblitus
583 2351 657 2380 erit'
787 2349 822 2382 οὗ
839 2350 911 2382 ποτ’
929 2353 963 2383 οὐ
981 2350 1050 2381 fere
1067 2350 1163 2382 codd.
1182 2350 1225 2390 <V
1237 2349 1287 2389 L¹,
1305 2349 1415 2382 οὔποτ’
1434 2351 1470 2382 οὐ

146 2392 172 2422 L
184 2392 231 2423 B:
256 2392 291 2424 οὗ
307 2393 379 2425 ποτ’
397 2395 431 2425 οὐ
450 2393 489 2423 13²
504 2405 510 2423 :
533 2395 650 2426 ὒῦπυτε
670 2394 708 2434 P)
727 2405 733 2424 :
758 2394 864 2425 οὔποθ’
882 2393 917 2426 οὗ
935 2393 1054 2424 Nauck
1198 2403 1258 2432 199
1281 2397 1386 2425 τοῖσιν
1404 2392 1430 2424 L
1442 2392 1469 2424 P

144 2436 375 2477 (wrms'VB)
491 2448 555 2468 200
580 2436 973 2477 ειἸ-,ΡεῇΒεῆςνΒ2
1062 2436 1381 2479 σφεῙ-,ΡΒιγεν
