1651 2780
585 102 932 146 ΕΥΡΙΠΙΔΟΥ

97 227 305 259 ΠΗΛΕΥΣ

195 289 294 338 ὑμᾶς
319 286 449 336 ἐρωτῶ
475 282 543 322 τόν
567 280 600 320 τ’
628 279 836 330 ἐφεστῶτα
862 276 1015 328 σφαγῇ,

197 355 239 394 τί
259 355 397 396 ταῦτα;
436 352 517 390 πῶς
541 345 668 392 ταῦτ’;
707 345 749 384 ἐκ
774 343 881 382 τίνος
905 339 1028 390 λόγου
1055 336 1167 376 νοσεῖ

199 421 336 471 δόμος;
374 417 414 457 τί
434 411 628 467 πράσσετ’
655 410 791 462 ἄκριτα
814 405 1110 459 μηχανώμενοι,

203 483 393 530 Μενέλα’,
421 483 600 534 ἐπίσχες·
637 478 689 529 μὴ
715 474 852 529 τάχυν’
879 472 971 513 ἄνευ
995 470 1116 520 δίκης.
1148 498 1154 506 .
1185 498 1190 504 .
1221 497 1227 504 .
1364 474 1429 506 550

204 554 304 606 ἡγοῦ
330 551 379 591 σὺ
407 552 574 593 θᾶσσον,
603 545 646 586 οὐ
671 545 745 597 γὰρ
773 543 822 584 ὡς
848 538 950 580 ἔοικέ
975 554 1040 589 μοι

206 621 359 673 σχολῆς
384 616 462 657 τόδ’
489 616 618 667 ἔργον·
657 610 747 652 ἀλλ’
773 605 1044 659 ἀνηβητηρίαν

205 687 337 739 ῥώμην
361 684 399 735 μ’
425 685 572 723 ἐπαινῶ
597 677 834 730 λαμβάνειν,
864 675 971 724 εἴπερ
997 669 1103 711 ποτέ.
1138 700 1143 707 .
1177 699 1182 706 ,

208 757 363 806 πρῶτον
388 753 459 801 μὲν
485 748 552 789 οὖν
579 746 659 787 κατ’
685 744 798 797 οὖρον
825 743 958 792 ὥσπερ
985 737 1125 778 ἱστίοις

211 819 480 871 ἐμπνεύσομαι
504 814 599 872 τῇδ’·
639 811 737 858 εἰπέ,
763 812 840 851 τίνι
864 808 950 862 δίκῃ
976 804 1094 858 χέρας
1374 809 1436 841 555

211 887 425 939 βρόχοισιν
452 880 689 931 ἐκδήσαντες
716 876 785 918 οἵδ’
812 874 958 928 ἄγουσί
982 889 1029 911 σε

214 955 276 994 καὶ
301 951 404 994 παῖδ’
413 968 423 997 ;
462 950 634 1000 ὕπαρνος
659 944 733 998 γάρ
759 960 816 984 τις
842 940 899 983 οἶς
925 939 1168 980 ἀπόλλυσαι,

213 1022 322 1072 ἡμῶν
349 1018 530 1058 ἀπόντων
554 1017 621 1054 τοῦ
645 1029 686 1052 τε
715 1011 844 1062 κυρίου
870 1006 999 1047 σέθεν.

116 1092 185 1130 Αν.
213 1087 298 1133 οἵδ’,
326 1084 354 1125 ὦ
380 1082 526 1137 γεραιέ,
555 1080 629 1121 σὺν
654 1078 776 1132 τέκνῳ
803 1071 1046 1125 θανουμένην

219 1154 366 1207 ἄγουσί
386 1151 424 1203 μ’
451 1150 571 1191 οὕτως
597 1147 647 1189 ὡς
673 1145 776 1200 ὁρᾷς.
847 1142 886 1182 τί
910 1157 976 1180 σοι
1000 1137 1125 1191 λέγω;
1382 1132 1446 1174 560

219 1221 264 1262 οὐ
288 1222 362 1273 γὰρ
387 1221 476 1270 μιᾶς
502 1233 548 1256 σε
575 1213 765 1264 κληδόνος
791 1208 985 1262 προθυμίᾳ

220 1289 430 1340 μετῆλθον,
458 1284 563 1324 ἀλλὰ
587 1280 733 1333 μυρίων
758 1277 821 1319 ὑπ’
848 1274 1044 1328 ἀγγέλων.

221 1356 302 1407 ἔριν
327 1356 368 1394 δὲ
394 1351 465 1402 τὴν
493 1348 573 1390 κατ’
601 1347 708 1388 οἶκον
735 1342 852 1385 οἶσθά
878 1359 951 1383 που
978 1339 1106 1380 κλύων

223 1424 290 1472 τῆς
316 1423 425 1460 τοῦδε
452 1416 654 1470 θυγατρός,
682 1415 736 1453 ὧν
761 1411 793 1452 τ’
820 1410 1047 1458 ἀπόλλυμαι
1070 1403 1200 1458 χάριν.

225 1488 286 1528 καὶ
313 1490 379 1528 νῦν
403 1503 450 1537 με
476 1486 613 1535 βωμοῦ
639 1480 816 1524 Θέτιδος,
843 1475 866 1526 ἣ
892 1475 959 1515 τὸν
986 1472 1124 1525 εὐγενῆ
1390 1466 1450 1506 565

226 1553 351 1596 ἔτικτέ
376 1569 442 1592 σοι
467 1549 584 1595 παῖδ’,
612 1547 659 1598 ἢν
686 1546 736 1587 σὺ
762 1541 992 1595 θαυμαστὴν
1018 1538 1168 1590 σέβεις,

227 1620 365 1674 ἄγουσ’
393 1616 714 1660 ἀποσπάσαντες,
743 1612 831 1652 οὔτε
856 1627 908 1664 τῳ
934 1608 1021 1662 δίκῃ

231 1689 429 1740 κρίναντες
457 1685 545 1724 οὔτε
569 1682 658 1723 τοὺς
683 1679 854 1720 ἀπόντας
880 1678 921 1716 ἐκ
947 1674 1077 1725 δόμων

229 1756 444 1807 μείναντες,
472 1751 579 1792 ἀλλὰ
603 1748 674 1798 τὴν
699 1745 796 1797 ἐμὴν
822 1743 984 1795 ἐρημίαν

232 1822 393 1875 γνόντες
417 1818 552 1859 τέκνου
577 1833 618 1856 τε
644 1813 759 1858 roffi,
787 1811 831 1852 ὃν
856 1809 968 1850 οὐδὲν
994 1808 1118 1847 αἴτιον
1394 1809 1459 1842 570

231 1888 427 1940 μέλλουσι
453 1885 527 1925 σὺν
553 1883 637 1934 ἐμοὶ
662 1886 709 1937 τῇ
734 1876 971 1930 ταλαιπώρῳ
1000 1874 1159 1913 κτενεῖν.

235 1955 326 1996 ἀλλ’
353 1952 519 2002 ἀντιάζω
547 1949 598 1995 σ’,
627 1947 656 1989 ὦ
681 1946 810 2000 γέρον,
837 1947 914 1984 τῶν
940 1945 1022 1981 σῶν
1048 1937 1170 1990 πάρος

179 2050 243 2089 548
267 2051 331 2080 πῶς
352 2047 458 2082 ταῦτ’,·
487 2046 521 2075 ἐκ
540 2042 626 2072 LP:
651 2040 701 2072 καὶ
719 2041 783 2070 πῶς
800 2038 858 2068 τέκ
876 2034 907 2064 M
922 2033 1014 2063 AV:
1042 2031 1092 2062 καὶ
1117 2032 1181 2061 πῶς
1205 2028 1264 2059 κᾶκ
1286 2025 1314 2056 Β
1329 2023 1380 2055 O:
1410 2022 1461 2053 καὶ

135 2097 220 2130 miss,-
255 2095 289 2123 ἐκ
316 2089 454 2120 Nauck:
487 2090 551 2119 πῶς
575 2098 612 2117 τε
637 2085 696 2115 κάκ
721 2078 948 2111 Wilamowitz
976 2079 1054 2116 (πῶς
1079 2075 1182 2105 ταῦτα
1203 2069 1323 2112 ’γέγονε
1351 2066 1402 2098 καὶ
1430 2064 1463 2096 τί

137 2139 241 2168 ταῦτα
264 2134 348 2168 EM&
513 2139 576 2169 550
608 2127 674 2158 del.
698 2121 953 2155 'Wilamowitzz
986 2124 1066 2149 ante
1094 2127 1123 2147 v.
1152 2124 1214 2154 547
1242 2113 1315 2144 trai.
1344 2108 1462 2140 Bruhn

139 2189 198 2218 551
228 2178 359 2219 γέροντί
382 2189 435 2215 μοι
461 2174 507 2204 Μ2
532 2174 564 2203 in
592 2172 667 2202 loco
692 2167 834 2199 evanido
1010 2171 1073 2200 553
1105 2163 1308 2198 suspectus:
1338 2154 1370 2193 μ’
1396 2162 1460 2183 om.

141 2224 166 2253 L
179 2223 204 2253 P
219 2222 246 2252 Β
258 2227 281 2255 Σ
299 2234 304 2252 ;
330 2222 363 2251 in
382 2217 577 2260 parenthesi
597 2216 713 2247 ἐπαινῶ
728 2219 749 2252 Ψ
763 2207 928 2250 bem'gne’}
944 2215 1062 2237 senem
1080 2204 1193 2235 dicere
1211 2205 1307 2241 putat
1319 2194 1463 2233 Verrall,

140 2266 227 2297 servi
252 2265 414 2295 auxilium
439 2263 666 2293 abnuentem:
698 2269 737 2296 με
762 2255 812 2286 καὶ
838 2255 892 2285 νῦν
917 2250 1007 2281 Platt
1139 2255 1201 2285 554
1227 2243 1282 2277 οὖν
1306 2252 1370 2273 om.
1400 2237 1465 2269 LP

141 2311 205 2350 556
229 2309 422 2347 ἐνδήσαντες
441 2306 582 2336 Pierson
672 2310 733 2340 557
759 2298 803 2330 οἷς
822 2296 981 2333 Hartung
1000 2294 1054 2332 ιὼς
1071 2292 1208 2331 ὕπαρνον
1225 2286 1388 2329 πρόβατον
1405 2283 1463 2319 Σῖνε

142 2356 181 2386 ὡς
199 2353 296 2384 codd.
391 2350 570 2382 ἀπόλλυται
587 2346 619 2377 Α
721 2343 787 2382 566
810 2337 932 2379 σέβεις]
951 2350 1000 2377 γρ.
1019 2337 1106 2376 ἄγεις
1125 2338 1147 2367 Σ
1247 2331 1309 2370 567
1335 2324 1465 2368 ἄγουσ’]

142 2411 192 2439 γρ.
213 2398 303 2438 ἄγειν
322 2395 354 2425 Μ
503 2392 566 2430 568
590 2391 662 2421 οὔτε
680 2387 730 2417 V:
755 2383 826 2417 οὐδὲ
844 2382 916 2413 rell.
1065 2387 1125 2417 571
1153 2377 1281 2408 κτανεῖν
1299 2371 1394 2403 codd.
