1683 2732
690 128 944 166 ΚΎΚΑΩΨ

256 230 440 270 ἄκουσον.
512 229 606 269 ὅταν
629 228 781 269 ἄνωθεν
806 231 957 281 ὄμβρον
986 230 1116 287 ἐκχέῃ,

256 299 297 338 ἐν
323 297 415 352 τῇδε
441 295 563 350 πέτρᾳ
589 295 722 348 στέγν’
750 296 854 349 ἔχων
882 297 1131 347 σκηνώματα,

254 360 278 414 ἦ
304 364 462 416 μόσχου
486 362 608 403 ὀπτὸν
632 362 656 413 ἤ
681 379 718 402 τι
744 361 901 414 θήρειον
927 362 1043 405 δάκος
1421 381 1482 412 325

255 430 498 480 δαινύμενος,
528 429 569 469 εὖ
593 427 748 482 τέγγων
773 446 815 470 τε
840 429 1001 482 γαστέρ’
1025 431 1180 478 ὑπτίαν,

256 497 452 538 ἐπεκπιὼν
477 495 676 549 γάλακτος
703 496 899 549 ἀμφορέα,
928 496 1084 537 πέπλον

257 563 393 616 κρούω,
423 562 519 605 Διὸς
543 566 781 615 βρονταῖσιν
807 565 862 605 εἷς
888 562 970 615 ἔριν
996 566 1179 604 κτυπῶν(

256 631 352 671 ὅταν
377 632 419 671 δὲ
442 629 589 682 βορέας
615 630 733 683 χιόνα
759 631 932 687 Θρῄκιος
958 629 1045 686 χέῃ,

255 700 410 750 δοραῖσι
435 699 562 749 θηρῶν
589 700 705 747 σῶμα
730 698 962 749 περιβαλὼν
988 696 1083 748 ἐμὸν
1424 712 1486 743 330

257 765 319 805 καὶ
345 768 419 816 πῦρ
445 764 812 817 ἀναίθων-χιόνος
837 763 951 805 οὐδέν
974 780 1040 815 μοι
1064 763 1190 815 μέλει.

255 831 277 882 ἡ
304 833 353 884 γῆ
380 830 412 870 δ’
439 830 603 887 ἀνάγκῃ,
633 831 705 872 κᾶν
731 830 826 887 θέλῃ
854 830 924 871 κᾶν
948 830 1000 882 μὴ
1027 830 1136 887 θέλῃ,

256 900 445 939 τίκτουσα
469 899 587 939 ποίαν
612 898 716 949 τάμὰ
742 899 886 938 πιαίνει
910 897 1027 948 βοτά.

257 965 341 1017 ἁγὼ
366 965 488 1005 οὕτινι
513 965 591 1005 θύω
617 964 723 1015 πλὴν
749 966 847 1016 ἐμοί,
875 967 1003 1005 θεοῖσι
1027 964 1060 1004 δ’
1087 966 1144 1010 οὕ,

258 1032 320 1072 καὶ
345 1032 391 1087 τῇ
415 1032 598 1087 μεγίστῃ,
627 1031 771 1083 γαστρὶ
796 1032 900 1087 τῇδε,
927 1032 1135 1082 δαιμόνων.
1426 1045 1486 1077 335

257 1099 309 1140 ὡς
332 1098 538 1149 τούμπιεῖν
562 1115 608 1150 γε
635 1099 860 1150 κάμφαγεῖν
885 1097 999 1149 τούφ’
1025 1097 1173 1150 ἡμέραν

259 1164 358 1206 Ζεὺς
382 1164 495 1206 οὗτος
520 1165 765 1217 ἀνθρώποισι
790 1167 895 1205 τοῖσι
921 1164 1143 1217 σώφροσιν,

258 1235 397 1272 λυπεῖν
423 1234 464 1271 δὲ
488 1233 611 1282 μηδὲν
635 1232 765 1272 αὑτόν.
838 1232 874 1272 οἳ
899 1233 940 1272 δὲ
965 1231 1055 1274 τοὺς
1079 1231 1221 1282 νόμους

258 1299 392 1339 ἔθεντο
418 1299 694 1339 ποικίλλοντες
719 1298 936 1350 ἀνθρώπων
959 1300 1066 1348 βίον,

258 1366 409 1405 κλαίειν
433 1363 580 1416 ἄνωγα·
618 1364 688 1414 τὴν
715 1362 784 1415 <δ’>
811 1364 908 1415 ἐμὴν
933 1364 1070 1418 ψυχὴν
1096 1366 1174 1417 ἐγὼ
1426 1379 1487 1410 340

257 1431 302 1471 οὐ
326 1432 528 1481 παύσομαι
552 1434 654 1483 δρῶν
681 1431 1000 1472 εῧ-κατεσθίων
1024 1448 1066 1472 τε
1091 1431 1151 1471 σε’.

257 1497 367 1548 ξένιά
391 1515 435 1539 τε
458 1497 573 1554 λήψῃ
597 1497 734 1545 τοιάδ’,
762 1498 812 1540 ὡς
838 1498 1038 1550 ἄμεμπτος
1063 1497 1106 1544 ὦ,

258 1568 333 1617 πῦρ
359 1565 421 1605 καὶ
445 1568 626 1620 πατρῷον
649 1566 763 1606 τόνδε
786 1564 942 1616 λέβητά
966 1565 1017 1619 γ’,
1045 1564 1086 1607 ὃς
1114 1564 1230 1615 ζέσας

259 1632 336 1682 σὴν
362 1631 491 1684 σάρκα
514 1633 756 1685 διαφόρητον
781 1631 951 1685 ἀμφέξει
977 1636 1117 1674 καλῶς.

259 1698 351 1739 ἀλλ’
378 1698 506 1751 ἕρπετ’
532 1700 640 1745 εἵσω,
667 1703 720 1754 τῷ
748 1698 828 1739 κατ’
854 1699 992 1739 αὔλιον
1017 1701 1092 1753 θεῷ
1427 1710 1486 1742 345

259 1765 308 1806 ἵν’
334 1765 437 1819 ἀμφὶ
461 1766 600 1817 βωμὸν
625 1765 791 1808 στάντες
818 1765 992 1819 εὐωχῆτέ
1014 1783 1073 1817 με.

162 1835 233 1873 Οδ.
260 1834 354 1878 αἰαῖ,
382 1833 527 1874 πόνους
551 1835 623 1884 μὲν
646 1833 846 1885 Τρωικοὺς
871 1831 1058 1883 ὑπεξέδυν

261 1900 506 1940 θαλασσίους
531 1916 586 1945 τε,
613 1903 681 1940 νῦν
705 1899 739 1939 δ’
766 1902 805 1942 ἐς
832 1898 972 1952 ἀνδρὸς
997 1900 1159 1940 ἀνοσίου

259 1966 421 2018 γνώμην
446 1965 645 2020 κατέσχον
670 1967 860 2017 ἀλίμενόν
884 1983 926 2006 τε
952 1967 1123 2018 καρδίαν.

328 2031 357 2072 ὦ
384 2032 565 2079 Παλλάς,
592 2031 622 2073 ὦ
647 2032 840 2074 δέσποινα
867 2035 1056 2085 Διογενὲς
1082 2031 1163 2077 θεά,
1428 2043 1489 2074 350

204 2134 267 2163 324
293 2123 378 2164 ἔχων
396 2123 572 2155 Hermann
588 2135 594 2155 ε
622 2124 686 2165 ἔχω
702 2125 727 2154 L
897 2135 961 2164 325
986 2126 1005 2162 ὴ
1022 2123 1165 2165 μόσχον]
1184 2123 1235 2155 καὶ
1252 2122 1380 2163 μόσχον
1398 2121 1489 2167 Bois?-

161 2168 289 2198 sonade
413 2168 477 2206 326
501 2168 535 2199 εὖ
550 2168 680 2209 τέγγων
696 2182 733 2200 τε
748 2168 875 2198 Reiske
891 2179 898 2197 :
924 2171 957 2199 ἐν
974 2168 1127 2208 στέγοντι
1143 2167 1168 2196 L
1258 2176 1320 2205 327
1345 2166 1484 2205 πέπλον,

160 2212 257 2243 πέδον
275 2210 455 2250 Musgrave
596 2221 660 2251 333
683 2212 854 2252 τίκτουσα]
875 2210 999 2252 φύουσα
1014 2210 1183 2249 Athenag.
1202 2210 1266 2249 leg.
1285 2219 1346 2248 pro
1364 2209 1487 2239 Christ.

163 2265 192 2293 p.
224 2256 266 2285 28
434 2265 496 2294 334
533 2256 613 2294 ἐμοί,
642 2257 741 2286 θεοῖσι
774 2255 802 2286 δ’
831 2253 882 2294 οὔ]
917 2256 1001 2293 ἐμοῖς
1033 2255 1123 2285 θεοῖς·
1166 2253 1232 2285 ἰδού
1259 2252 1487 2283 VVilamowitz

161 2299 225 2337 336
260 2300 427 2338 τούμπιεῖν
456 2312 497 2340 ’γε
534 2299 718 2340 κάμφαγεΐν
750 2297 902 2328 Reiske:
941 2299 998 2328 τοῦ
1033 2298 1117 2328 πιεῖν
1153 2309 1193 2337 ’γε
1231 2297 1281 2327 καὶ
1314 2298 1431 2336 φαγεῖν
1463 2295 1488 2324 L

162 2342 225 2380 338
256 2344 368 2373 λυπεῖν
386 2341 417 2371 l:
441 2344 548 2373 λιπεῖν
567 2341 592 2371 L
736 2351 801 2379 340
825 2340 851 2372 δ’
869 2340 945 2370 add.
965 2339 1094 2370 Barnes
1238 2349 1301 2377 342
1327 2340 1488 2377 ἄμεμπτος

162 2383 311 2415 Aldina:
343 2385 483 2424 ἄμεπτος
512 2384 539 2414 L
694 2395 758 2423 344
791 2383 985 2424 διαφόρητον
1019 2382 1192 2420 Scaliger:
1228 2382 1430 2422 δυσφόρητυν
1463 2381 1487 2409 L

163 2427 228 2465 346
251 2429 360 2467 βωμὸν
378 2427 421 2458 H.
444 2428 640 2466 Stephanus
659 2439 665 2457 :
690 2431 795 2466 κῶμον
813 2427 838 2456 L
973 2435 1036 2463 349
1059 2425 1206 2465 γνώμην]
1226 2425 1313 2463 ὠμὴν
1332 2423 1458 2453 Ηείςκθ
