<?xml version="1.0" encoding="UTF-8"?>
<!DOCTYPE html PUBLIC "-//W3C//DTD XHTML 1.0 Transitional//EN"
    "http://www.w3.org/TR/xhtml1/DTD/xhtml1-transitional.dtd">
<html xmlns="http://www.w3.org/1999/xhtml" xml:lang="en" lang="en">
 <head>
  <title>
</title>
<meta http-equiv="Content-Type" content="text/html;charset=utf-8" />
  <meta name='ocr-system' content='tesseract 3.04.00' />
  <meta name='ocr-capabilities' content='ocr_page ocr_carea ocr_par ocr_line ocrx_word'/>
</head>
<body>
  <div class='ocr_page' id='page_1' title='image "./euripidisfabulae01euriuoft_0186.png"; bbox 0 0 1651 2780; ppageno 0'>
   <div class='ocr_carea' id='block_1_1' title="bbox 619 111 965 150">
    <p class='ocr_par' dir='ltr' id='par_1_1' title="bbox 619 98 1463 150">
     <span class='ocr_line' id='line_1_1' title="bbox 619 111 965 150; baseline -0.001 0"><span class='ocrx_word' id='word_1_1' title='bbox 619 111 965 150; x_wconf 58' lang='grc' dir='ltr'>ΕΥΡΙΠΙΔΟΥ</span> 
     </span>
    </p>
   </div>
   <div class='ocr_carea' id='block_1_2' title="bbox 127 212 1460 2326">
    <p class='ocr_par' dir='ltr' id='par_1_2' title="bbox 225 212 1216 336">
     <span class='ocr_line' id='line_1_2' title="bbox 226 212 1145 271; baseline 0.005 -18"><span class='ocrx_word' id='word_1_2' title='bbox 226 212 330 260; x_wconf 79' lang='grc' dir='ltr'>ἀλλ’,</span> <span class='ocrx_word' id='word_1_3' title='bbox 358 215 395 255; x_wconf 84' lang='grc' dir='ltr'>εἴ</span> <span class='ocrx_word' id='word_1_4' title='bbox 417 230 451 254; x_wconf 93' lang='grc' dir='ltr'>τι</span> <span class='ocrx_word' id='word_1_5' title='bbox 476 214 621 271; x_wconf 84' lang='grc' dir='ltr'>βούλῃ,</span> <span class='ocrx_word' id='word_1_6' title='bbox 650 216 791 256; x_wconf 85' lang='grc' dir='ltr'>τούσδε</span> <span class='ocrx_word' id='word_1_7' title='bbox 817 216 885 256; x_wconf 84' lang='grc' dir='ltr'>τὸν</span> <span class='ocrx_word' id='word_1_8' title='bbox 911 216 1077 269; x_wconf 87' lang='grc' dir='ltr'>γέροντά</span> <span class='ocrx_word' id='word_1_9' title='bbox 1103 234 1145 258; x_wconf 90' lang='grc' dir='ltr'>τε</span> 
     </span>
     <span class='ocr_line' id='line_1_3' title="bbox 225 280 1216 336; baseline 0.006 -16"><span class='ocrx_word' id='word_1_10' title='bbox 225 280 346 334; x_wconf 85' lang='grc' dir='ltr'>χώρει</span> <span class='ocrx_word' id='word_1_11' title='bbox 370 281 628 333; x_wconf 83' lang='grc' dir='ltr'>προσειποῦσ’</span> <span class='ocrx_word' id='word_1_12' title='bbox 653 282 838 325; x_wconf 81' lang='grc' dir='ltr'>ὑστάτοις</span> <span class='ocrx_word' id='word_1_13' title='bbox 863 283 1216 336; x_wconf 91' lang='grc' dir='ltr'>προσφθέγμασιν.</span> 
     </span>
    </p>

    <p class='ocr_par' dir='ltr' id='par_1_3' title="bbox 127 344 1458 1870">
     <span class='ocr_line' id='line_1_4' title="bbox 127 344 1116 403; baseline 0.005 -18"><span class='ocrx_word' id='word_1_14' title='bbox 127 348 209 386; x_wconf 82' lang='grc' dir='ltr'>Μα.</span> <span class='ocrx_word' id='word_1_15' title='bbox 227 344 256 386; x_wconf 73' lang='grc' dir='ltr'>ὦ</span> <span class='ocrx_word' id='word_1_16' title='bbox 281 350 409 400; x_wconf 79' lang='grc' dir='ltr'>χαῖρε,</span> <span class='ocrx_word' id='word_1_17' title='bbox 437 347 607 400; x_wconf 82' lang='grc' dir='ltr'>πρέσβυ,</span> <span class='ocrx_word' id='word_1_18' title='bbox 635 352 748 403; x_wconf 80' lang='grc' dir='ltr'>χαῖρε</span> <span class='ocrx_word' id='word_1_19' title='bbox 775 350 837 390; x_wconf 85' lang='grc' dir='ltr'>καὶ</span> <span class='ocrx_word' id='word_1_20' title='bbox 863 350 1027 391; x_wconf 86' lang='grc' dir='ltr'>δίδασκέ</span> <span class='ocrx_word' id='word_1_21' title='bbox 1049 368 1116 401; x_wconf 89' lang='grc' dir='ltr'>μοι</span> 
     </span>
     <span class='ocr_line' id='line_1_5' title="bbox 224 414 1455 470; baseline 0.007 -17"><span class='ocrx_word' id='word_1_22' title='bbox 224 414 406 455; x_wconf 85' lang='grc' dir='ltr'>τοιούσδε</span> <span class='ocrx_word' id='word_1_23' title='bbox 431 415 573 456; x_wconf 81' lang='grc' dir='ltr'>τούσδε</span> <span class='ocrx_word' id='word_1_24' title='bbox 599 418 752 463; x_wconf 81' lang='grc' dir='ltr'>παῖδας,</span> <span class='ocrx_word' id='word_1_25' title='bbox 782 418 820 458; x_wconf 87' lang='grc' dir='ltr'>ἐς</span> <span class='ocrx_word' id='word_1_26' title='bbox 845 417 890 457; x_wconf 85' lang='grc' dir='ltr'>τὸ</span> <span class='ocrx_word' id='word_1_27' title='bbox 915 420 994 458; x_wconf 81' lang='grc' dir='ltr'>πᾶν</span> <span class='ocrx_word' id='word_1_28' title='bbox 1019 419 1186 470; x_wconf 84' lang='grc' dir='ltr'>σοφούς,</span> <span class='ocrx_word' id='word_1_29' title='bbox 1394 430 1455 462; x_wconf 88' lang='grc'>575</span> 
     </span>
     <span class='ocr_line' id='line_1_6' title="bbox 224 480 1161 537; baseline 0.004 -17"><span class='ocrx_word' id='word_1_30' title='bbox 224 480 362 533; x_wconf 86' lang='grc' dir='ltr'>ὥσπερ</span> <span class='ocrx_word' id='word_1_31' title='bbox 389 481 451 527; x_wconf 87' lang='grc' dir='ltr'>σύ,</span> <span class='ocrx_word' id='word_1_32' title='bbox 478 484 600 532; x_wconf 82' lang='grc' dir='ltr'>μηδὲν</span> <span class='ocrx_word' id='word_1_33' title='bbox 624 485 794 533; x_wconf 79' lang='grc' dir='ltr'>μᾶλλον·</span> <span class='ocrx_word' id='word_1_34' title='bbox 833 483 1050 535; x_wconf 84' lang='grc' dir='ltr'>ἀρκέσουσι</span> <span class='ocrx_word' id='word_1_35' title='bbox 1075 484 1161 537; x_wconf 88' lang='grc' dir='ltr'>γάρ.</span> 
     </span>
     <span class='ocr_line' id='line_1_7' title="bbox 225 548 1138 602; baseline 0.004 -15"><span class='ocrx_word' id='word_1_36' title='bbox 225 551 345 599; x_wconf 86' lang='grc' dir='ltr'>πειρῶ</span> <span class='ocrx_word' id='word_1_37' title='bbox 371 549 413 588; x_wconf 79' lang='grc' dir='ltr'>δὲ</span> <span class='ocrx_word' id='word_1_38' title='bbox 440 551 570 589; x_wconf 90' lang='grc' dir='ltr'>σῶσαι</span> <span class='ocrx_word' id='word_1_39' title='bbox 594 548 646 600; x_wconf 77' lang='grc' dir='ltr'>μὴ</span> <span class='ocrx_word' id='word_1_40' title='bbox 674 552 819 596; x_wconf 81' lang='grc' dir='ltr'>θανεῖν,</span> <span class='ocrx_word' id='word_1_41' title='bbox 848 550 1046 602; x_wconf 87' lang='grc' dir='ltr'>πρόθυμος</span> <span class='ocrx_word' id='word_1_42' title='bbox 1072 552 1138 591; x_wconf 85' lang='grc' dir='ltr'>ὤν·</span> 
     </span>
     <span class='ocr_line' id='line_1_8' title="bbox 226 614 1182 669; baseline 0.007 -17"><span class='ocrx_word' id='word_1_43' title='bbox 226 614 290 654; x_wconf 81' lang='grc' dir='ltr'>σοὶ</span> <span class='ocrx_word' id='word_1_44' title='bbox 315 614 450 656; x_wconf 82' lang='grc' dir='ltr'>παῖδές</span> <span class='ocrx_word' id='word_1_45' title='bbox 477 616 611 665; x_wconf 86' lang='grc' dir='ltr'>ἐσμεν,</span> <span class='ocrx_word' id='word_1_46' title='bbox 640 620 733 657; x_wconf 84' lang='grc' dir='ltr'>σαῖν</span> <span class='ocrx_word' id='word_1_47' title='bbox 758 620 893 669; x_wconf 81' lang='grc' dir='ltr'>χεροῖν</span> <span class='ocrx_word' id='word_1_48' title='bbox 919 616 1182 669; x_wconf 83' lang='grc' dir='ltr'>τεθράμμεθα.</span> 
     </span>
     <span class='ocr_line' id='line_1_9' title="bbox 227 680 1006 736; baseline 0.006 -17"><span class='ocrx_word' id='word_1_49' title='bbox 227 680 318 736; x_wconf 78' lang='grc' dir='ltr'>ὁρᾷς</span> <span class='ocrx_word' id='word_1_50' title='bbox 343 683 385 722; x_wconf 81' lang='grc' dir='ltr'>δὲ</span> <span class='ocrx_word' id='word_1_51' title='bbox 411 682 507 732; x_wconf 79' lang='grc' dir='ltr'>κάμὲ</span> <span class='ocrx_word' id='word_1_52' title='bbox 530 681 601 731; x_wconf 79' lang='grc' dir='ltr'>τὴν</span> <span class='ocrx_word' id='word_1_53' title='bbox 628 682 724 733; x_wconf 82' lang='grc' dir='ltr'>ἐμὴν</span> <span class='ocrx_word' id='word_1_54' title='bbox 750 683 854 735; x_wconf 83' lang='grc' dir='ltr'>ὥραν</span> <span class='ocrx_word' id='word_1_55' title='bbox 880 682 1006 735; x_wconf 82' lang='grc' dir='ltr'>γάμου</span> 
     </span>
     <span class='ocr_line' id='line_1_10' title="bbox 226 748 1457 800; baseline 0.006 -14"><span class='ocrx_word' id='word_1_56' title='bbox 226 749 412 788; x_wconf 84' lang='grc' dir='ltr'>διδοῦσαν</span> <span class='ocrx_word' id='word_1_57' title='bbox 436 748 523 788; x_wconf 86' lang='grc' dir='ltr'>ἀντὶ</span> <span class='ocrx_word' id='word_1_58' title='bbox 547 751 669 790; x_wconf 87' lang='grc' dir='ltr'>τῶνδε</span> <span class='ocrx_word' id='word_1_59' title='bbox 698 749 1029 800; x_wconf 88' lang='grc' dir='ltr'>κατθανουμένην.</span> <span class='ocrx_word' id='word_1_60' title='bbox 1393 755 1457 794; x_wconf 83' lang='lat'>580</span> 
     </span>
     <span class='ocr_line' id='line_1_11' title="bbox 225 813 1034 867; baseline 0.004 -14"><span class='ocrx_word' id='word_1_61' title='bbox 225 813 333 864; x_wconf 80' lang='grc' dir='ltr'>ὑμεῖς</span> <span class='ocrx_word' id='word_1_62' title='bbox 358 813 404 859; x_wconf 80' lang='grc' dir='ltr'>τ’,</span> <span class='ocrx_word' id='word_1_63' title='bbox 432 815 619 866; x_wconf 82' lang='grc' dir='ltr'>ἀδελφῶν</span> <span class='ocrx_word' id='word_1_64' title='bbox 645 815 667 866; x_wconf 87' lang='grc' dir='ltr'>ἡ</span> <span class='ocrx_word' id='word_1_65' title='bbox 694 816 861 867; x_wconf 83' lang='grc' dir='ltr'>παροῦσ’</span> <span class='ocrx_word' id='word_1_66' title='bbox 888 817 1034 867; x_wconf 83' lang='grc' dir='ltr'>ὁμιλία,</span> 
     </span>
     <span class='ocr_line' id='line_1_12' title="bbox 227 880 1019 934; baseline 0.004 -14"><span class='ocrx_word' id='word_1_67' title='bbox 227 880 504 931; x_wconf 81' lang='grc' dir='ltr'>εὖδαιμονοῖτε,</span> <span class='ocrx_word' id='word_1_68' title='bbox 534 882 597 922; x_wconf 89' lang='grc' dir='ltr'>καὶ</span> <span class='ocrx_word' id='word_1_69' title='bbox 623 881 769 934; x_wconf 82' lang='grc' dir='ltr'>γένοιθ’</span> <span class='ocrx_word' id='word_1_70' title='bbox 795 883 885 933; x_wconf 83' lang='grc' dir='ltr'>ὑμῖν</span> <span class='ocrx_word' id='word_1_71' title='bbox 911 883 1019 923; x_wconf 85' lang='grc' dir='ltr'>ὅσων</span> 
     </span>
     <span class='ocr_line' id='line_1_13' title="bbox 226 946 952 1001; baseline 0.006 -15"><span class='ocrx_word' id='word_1_72' title='bbox 226 946 302 998; x_wconf 77' lang='grc' dir='ltr'>ἡμὴ</span> <span class='ocrx_word' id='word_1_73' title='bbox 330 946 493 999; x_wconf 75' lang='grc' dir='ltr'>πάρρ,θε</span> <span class='ocrx_word' id='word_1_74' title='bbox 519 949 656 1000; x_wconf 85' lang='grc' dir='ltr'>καρδία</span> <span class='ocrx_word' id='word_1_75' title='bbox 682 948 952 1001; x_wconf 86' lang='grc' dir='ltr'>σφαγήσεται.</span> 
     </span>
     <span class='ocr_line' id='line_1_14' title="bbox 228 1013 1160 1068; baseline 0.003 -15"><span class='ocrx_word' id='word_1_76' title='bbox 228 1014 289 1054; x_wconf 78' lang='grc' dir='ltr'>καὶ</span> <span class='ocrx_word' id='word_1_77' title='bbox 314 1013 381 1054; x_wconf 82' lang='grc' dir='ltr'>τὸν</span> <span class='ocrx_word' id='word_1_78' title='bbox 407 1014 574 1066; x_wconf 90' lang='grc' dir='ltr'>γέροντα</span> <span class='ocrx_word' id='word_1_79' title='bbox 599 1013 672 1065; x_wconf 85' lang='grc' dir='ltr'>τήν</span> <span class='ocrx_word' id='word_1_80' title='bbox 697 1014 730 1055; x_wconf 87' lang='grc' dir='ltr'>τ’</span> <span class='ocrx_word' id='word_1_81' title='bbox 757 1015 837 1055; x_wconf 78' lang='grc' dir='ltr'>ἔσω</span> <span class='ocrx_word' id='word_1_82' title='bbox 864 1020 1006 1068; x_wconf 82' lang='grc' dir='ltr'>γραῖαν</span> <span class='ocrx_word' id='word_1_83' title='bbox 1030 1016 1160 1067; x_wconf 84' lang='grc' dir='ltr'>δόμων</span> 
     </span>
     <span class='ocr_line' id='line_1_15' title="bbox 226 1081 1456 1134; baseline 0.005 -14"><span class='ocrx_word' id='word_1_84' title='bbox 226 1082 362 1131; x_wconf 79' lang='grc' dir='ltr'>τιμᾶτε</span> <span class='ocrx_word' id='word_1_85' title='bbox 387 1081 534 1133; x_wconf 85' lang='grc' dir='ltr'>πατρὸς</span> <span class='ocrx_word' id='word_1_86' title='bbox 558 1081 692 1134; x_wconf 83' lang='grc' dir='ltr'>μητέρ’</span> <span class='ocrx_word' id='word_1_87' title='bbox 718 1081 947 1134; x_wconf 85' lang='grc' dir='ltr'>Ἀλκμήνην</span> <span class='ocrx_word' id='word_1_88' title='bbox 971 1084 1065 1134; x_wconf 84' lang='grc' dir='ltr'>ἐμοῦ</span> <span class='ocrx_word' id='word_1_89' title='bbox 1393 1087 1456 1126; x_wconf 87' lang='grc'>585</span> 
     </span>
     <span class='ocr_line' id='line_1_16' title="bbox 227 1145 1152 1202; baseline 0.003 -15"><span class='ocrx_word' id='word_1_90' title='bbox 227 1145 362 1196; x_wconf 77' lang='grc' dir='ltr'>ξένους</span> <span class='ocrx_word' id='word_1_91' title='bbox 386 1164 428 1188; x_wconf 91' lang='grc' dir='ltr'>τε</span> <span class='ocrx_word' id='word_1_92' title='bbox 452 1149 607 1189; x_wconf 87' lang='grc' dir='ltr'>τούσδε.</span> <span class='ocrx_word' id='word_1_93' title='bbox 681 1149 750 1190; x_wconf 78' lang='grc' dir='ltr'>κᾶν</span> <span class='ocrx_word' id='word_1_94' title='bbox 777 1150 993 1202; x_wconf 81' lang='grc' dir='ltr'>ἀπαλλαγὴ</span> <span class='ocrx_word' id='word_1_95' title='bbox 1020 1150 1152 1190; x_wconf 90' lang='grc' dir='ltr'>πόνων</span> 
     </span>
     <span class='ocr_line' id='line_1_17' title="bbox 227 1215 1055 1273; baseline 0.004 -19"><span class='ocrx_word' id='word_1_96' title='bbox 227 1215 289 1254; x_wconf 85' lang='grc' dir='ltr'>καὶ</span> <span class='ocrx_word' id='word_1_97' title='bbox 316 1215 458 1256; x_wconf 87' lang='grc' dir='ltr'>νόστος</span> <span class='ocrx_word' id='word_1_98' title='bbox 481 1215 572 1266; x_wconf 83' lang='grc' dir='ltr'>ὑμῖν</span> <span class='ocrx_word' id='word_1_99' title='bbox 599 1215 736 1273; x_wconf 81' lang='grc' dir='ltr'>εὑρεθῇ</span> <span class='ocrx_word' id='word_1_100' title='bbox 761 1216 848 1256; x_wconf 84' lang='grc' dir='ltr'>ποτ’</span> <span class='ocrx_word' id='word_1_101' title='bbox 876 1218 917 1257; x_wconf 87' lang='grc' dir='ltr'>ἐκ</span> <span class='ocrx_word' id='word_1_102' title='bbox 943 1219 1055 1264; x_wconf 89' lang='grc' dir='ltr'>θεῶν,</span> 
     </span>
     <span class='ocr_line' id='line_1_18' title="bbox 224 1280 1142 1337; baseline 0.004 -17"><span class='ocrx_word' id='word_1_103' title='bbox 224 1280 429 1332; x_wconf 91' lang='grc' dir='ltr'>μέμνησθε</span> <span class='ocrx_word' id='word_1_104' title='bbox 454 1281 525 1332; x_wconf 79' lang='grc' dir='ltr'>τὴν</span> <span class='ocrx_word' id='word_1_105' title='bbox 552 1282 745 1335; x_wconf 84' lang='grc' dir='ltr'>σώτειραν</span> <span class='ocrx_word' id='word_1_106' title='bbox 772 1283 822 1325; x_wconf 84' lang='grc' dir='ltr'>ὡς</span> <span class='ocrx_word' id='word_1_107' title='bbox 849 1282 977 1336; x_wconf 80' lang='grc' dir='ltr'>θάψαι</span> <span class='ocrx_word' id='word_1_108' title='bbox 1002 1284 1142 1337; x_wconf 82' lang='grc' dir='ltr'>χρεών.</span> 
     </span>
     <span class='ocr_line' id='line_1_19' title="bbox 228 1346 1042 1402; baseline 0.005 -15"><span class='ocrx_word' id='word_1_109' title='bbox 228 1346 427 1389; x_wconf 87' lang='grc' dir='ltr'>κάλλιστά</span> <span class='ocrx_word' id='word_1_110' title='bbox 453 1366 513 1388; x_wconf 91' lang='grc' dir='ltr'>τοι</span> <span class='ocrx_word' id='word_1_111' title='bbox 538 1351 701 1390; x_wconf 89' lang='grc' dir='ltr'>δίκαιον·</span> <span class='ocrx_word' id='word_1_112' title='bbox 741 1350 785 1390; x_wconf 81' lang='grc' dir='ltr'>οὐ</span> <span class='ocrx_word' id='word_1_113' title='bbox 809 1352 884 1402; x_wconf 79' lang='grc' dir='ltr'>γὰρ</span> <span class='ocrx_word' id='word_1_114' title='bbox 909 1350 1042 1401; x_wconf 74' lang='grc' dir='ltr'>ἐνδεὴς</span> 
     </span>
     <span class='ocr_line' id='line_1_20' title="bbox 225 1415 1458 1470; baseline 0.006 -16"><span class='ocrx_word' id='word_1_115' title='bbox 225 1415 317 1466; x_wconf 80' lang='grc' dir='ltr'>ὑμῖν</span> <span class='ocrx_word' id='word_1_116' title='bbox 343 1415 560 1467; x_wconf 81' lang='grc' dir='ltr'>παρέστην,</span> <span class='ocrx_word' id='word_1_117' title='bbox 589 1417 696 1456; x_wconf 82' lang='grc' dir='ltr'>ἀλλὰ</span> <span class='ocrx_word' id='word_1_118' title='bbox 722 1417 945 1469; x_wconf 82' lang='grc' dir='ltr'>προύθανον</span> <span class='ocrx_word' id='word_1_119' title='bbox 970 1417 1119 1470; x_wconf 86' lang='grc' dir='ltr'>γένους.</span> <span class='ocrx_word' id='word_1_120' title='bbox 1394 1429 1458 1461; x_wconf 83' lang='grc'>590</span> 
     </span>
     <span class='ocr_line' id='line_1_21' title="bbox 227 1480 1008 1535; baseline 0.004 -14"><span class='ocrx_word' id='word_1_121' title='bbox 227 1480 309 1522; x_wconf 87' lang='grc' dir='ltr'>τάδ’</span> <span class='ocrx_word' id='word_1_122' title='bbox 337 1483 423 1522; x_wconf 82' lang='grc' dir='ltr'>ἀντὶ</span> <span class='ocrx_word' id='word_1_123' title='bbox 449 1484 598 1523; x_wconf 85' lang='grc' dir='ltr'>παίδων</span> <span class='ocrx_word' id='word_1_124' title='bbox 624 1484 714 1524; x_wconf 83' lang='grc' dir='ltr'>ε’στί</span> <span class='ocrx_word' id='word_1_125' title='bbox 735 1500 801 1534; x_wconf 85' lang='grc' dir='ltr'>μοι</span> <span class='ocrx_word' id='word_1_126' title='bbox 827 1483 1008 1535; x_wconf 90' lang='grc' dir='ltr'>κειμήλια</span> 
     </span>
     <span class='ocr_line' id='line_1_22' title="bbox 228 1549 1066 1604; baseline 0.005 -15"><span class='ocrx_word' id='word_1_127' title='bbox 228 1549 290 1589; x_wconf 85' lang='grc' dir='ltr'>καὶ</span> <span class='ocrx_word' id='word_1_128' title='bbox 315 1551 560 1601; x_wconf 87' lang='grc' dir='ltr'>παρθενείας,</span> <span class='ocrx_word' id='word_1_129' title='bbox 590 1551 626 1590; x_wconf 85' lang='grc' dir='ltr'>εἴ</span> <span class='ocrx_word' id='word_1_130' title='bbox 648 1566 685 1590; x_wconf 93' lang='grc' dir='ltr'>τι</span> <span class='ocrx_word' id='word_1_131' title='bbox 709 1550 754 1600; x_wconf 76' lang='grc' dir='ltr'>δὴ</span> <span class='ocrx_word' id='word_1_132' title='bbox 782 1549 883 1590; x_wconf 83' lang='grc' dir='ltr'>κάτω</span> <span class='ocrx_word' id='word_1_133' title='bbox 909 1552 1066 1604; x_wconf 78' lang='grc' dir='ltr'>χθονός·</span> 
     </span>
     <span class='ocr_line' id='line_1_23' title="bbox 227 1615 1046 1669; baseline 0.002 -13"><span class='ocrx_word' id='word_1_134' title='bbox 227 1617 285 1666; x_wconf 81' lang='grc' dir='ltr'>εἴη</span> <span class='ocrx_word' id='word_1_135' title='bbox 312 1633 357 1668; x_wconf 90' lang='grc' dir='ltr'>γε</span> <span class='ocrx_word' id='word_1_136' title='bbox 381 1615 516 1667; x_wconf 86' lang='grc' dir='ltr'>μέντοι</span> <span class='ocrx_word' id='word_1_137' title='bbox 541 1616 675 1667; x_wconf 87' lang='grc' dir='ltr'>μηδέν.</span> <span class='ocrx_word' id='word_1_138' title='bbox 748 1619 781 1657; x_wconf 84' lang='grc' dir='ltr'>εἰ</span> <span class='ocrx_word' id='word_1_139' title='bbox 806 1619 880 1669; x_wconf 80' lang='grc' dir='ltr'>γὰρ</span> <span class='ocrx_word' id='word_1_140' title='bbox 906 1617 1046 1669; x_wconf 81' lang='grc' dir='ltr'>ἕξομεν</span> 
     </span>
     <span class='ocr_line' id='line_1_24' title="bbox 230 1683 1064 1736; baseline 0.004 -14"><span class='ocrx_word' id='word_1_141' title='bbox 230 1683 339 1723; x_wconf 81' lang='grc' dir='ltr'>κάκεῖ</span> <span class='ocrx_word' id='word_1_142' title='bbox 362 1684 549 1735; x_wconf 85' lang='grc' dir='ltr'>μερίμνας</span> <span class='ocrx_word' id='word_1_143' title='bbox 576 1684 612 1723; x_wconf 80' lang='grc' dir='ltr'>οἱ</span> <span class='ocrx_word' id='word_1_144' title='bbox 637 1684 869 1734; x_wconf 86' lang='grc' dir='ltr'>θανούμενοι</span> <span class='ocrx_word' id='word_1_145' title='bbox 893 1688 1064 1736; x_wconf 80' lang='grc' dir='ltr'>βροτῶν,</span> 
     </span>
     <span class='ocr_line' id='line_1_25' title="bbox 229 1749 1456 1804; baseline 0.002 -15"><span class='ocrx_word' id='word_1_146' title='bbox 229 1749 296 1789; x_wconf 83' lang='grc' dir='ltr'>οὐκ</span> <span class='ocrx_word' id='word_1_147' title='bbox 322 1749 394 1789; x_wconf 75' lang='grc' dir='ltr'>οἶδ’</span> <span class='ocrx_word' id='word_1_148' title='bbox 420 1751 509 1791; x_wconf 87' lang='grc' dir='ltr'>ὅποι</span> <span class='ocrx_word' id='word_1_149' title='bbox 535 1767 593 1792; x_wconf 87' lang='grc' dir='ltr'>τις</span> <span class='ocrx_word' id='word_1_150' title='bbox 617 1750 821 1803; x_wconf 78' lang='grc' dir='ltr'>τρέψεται·</span> <span class='ocrx_word' id='word_1_151' title='bbox 860 1750 904 1791; x_wconf 86' lang='grc' dir='ltr'>τὸ</span> <span class='ocrx_word' id='word_1_152' title='bbox 929 1753 1002 1804; x_wconf 78' lang='grc' dir='ltr'>γὰρ</span> <span class='ocrx_word' id='word_1_153' title='bbox 1028 1754 1161 1792; x_wconf 81' lang='grc' dir='ltr'>θανεῖν</span> <span class='ocrx_word' id='word_1_154' title='bbox 1394 1762 1456 1794; x_wconf 87' lang='grc'>595</span> 
     </span>
     <span class='ocr_line' id='line_1_26' title="bbox 230 1816 1042 1870; baseline 0.002 -14"><span class='ocrx_word' id='word_1_155' title='bbox 230 1820 356 1858; x_wconf 88' lang='grc' dir='ltr'>κακῶν</span> <span class='ocrx_word' id='word_1_156' title='bbox 380 1816 573 1870; x_wconf 83' lang='grc' dir='ltr'>μέγιστον</span> <span class='ocrx_word' id='word_1_157' title='bbox 599 1817 807 1870; x_wconf 87' lang='grc' dir='ltr'>φάρμακον</span> <span class='ocrx_word' id='word_1_158' title='bbox 833 1818 1042 1869; x_wconf 79' lang='grc' dir='ltr'>νομίζεται.</span> 
     </span>
    </p>

    <p class='ocr_par' dir='ltr' id='par_1_4' title="bbox 129 1882 1163 2074">
     <span class='ocr_line' id='line_1_27' title="bbox 129 1882 1069 1938; baseline 0.003 -17"><span class='ocrx_word' id='word_1_159' title='bbox 129 1886 179 1923; x_wconf 87' lang='grc' dir='ltr'>Ιο.</span> <span class='ocrx_word' id='word_1_160' title='bbox 232 1883 335 1930; x_wconf 83' lang='grc' dir='ltr'>ἀλλ’,</span> <span class='ocrx_word' id='word_1_161' title='bbox 363 1882 392 1924; x_wconf 73' lang='grc' dir='ltr'><em>ὦ</em></span> <span class='ocrx_word' id='word_1_162' title='bbox 417 1883 608 1936; x_wconf 87' lang='grc' dir='ltr'>μέγιστον</span> <span class='ocrx_word' id='word_1_163' title='bbox 635 1884 871 1937; x_wconf 80' lang='grc' dir='ltr'>ἐκπρέπουσ’</span> <span class='ocrx_word' id='word_1_164' title='bbox 897 1885 1069 1938; x_wconf 79' lang='grc' dir='ltr'>εὐψυχίᾳ</span> 
     </span>
     <span class='ocr_line' id='line_1_28' title="bbox 228 1951 966 2003; baseline 0.003 -13"><span class='ocrx_word' id='word_1_165' title='bbox 228 1954 369 1991; x_wconf 87' lang='grc' dir='ltr'>πασῶν</span> <span class='ocrx_word' id='word_1_166' title='bbox 395 1955 601 2003; x_wconf 87' lang='grc' dir='ltr'>γυναικῶν,</span> <span class='ocrx_word' id='word_1_167' title='bbox 629 1953 726 1997; x_wconf 86' lang='grc' dir='ltr'>ἵσθι,</span> <span class='ocrx_word' id='word_1_168' title='bbox 754 1951 966 2002; x_wconf 87' lang='grc' dir='ltr'>τιμιωτάτη</span> 
     </span>
     <span class='ocr_line' id='line_1_29' title="bbox 230 2017 1163 2074; baseline 0.001 -17"><span class='ocrx_word' id='word_1_169' title='bbox 230 2019 291 2058; x_wconf 90' lang='grc' dir='ltr'>καὶ</span> <span class='ocrx_word' id='word_1_170' title='bbox 320 2017 415 2068; x_wconf 78' lang='grc' dir='ltr'>ζῶσ’</span> <span class='ocrx_word' id='word_1_171' title='bbox 440 2018 509 2070; x_wconf 83' lang='grc' dir='ltr'>ὑφ’</span> <span class='ocrx_word' id='word_1_172' title='bbox 535 2019 645 2070; x_wconf 83' lang='grc' dir='ltr'>ἡμῶν</span> <span class='ocrx_word' id='word_1_173' title='bbox 672 2020 734 2059; x_wconf 85' lang='grc' dir='ltr'>καὶ</span> <span class='ocrx_word' id='word_1_174' title='bbox 760 2018 921 2060; x_wconf 84' lang='grc' dir='ltr'>θανοῦσ’</span> <span class='ocrx_word' id='word_1_175' title='bbox 948 2018 1021 2074; x_wconf 82' lang='grc' dir='ltr'>ἔσῃ</span> <span class='ocrx_word' id='word_1_176' title='bbox 1048 2019 1163 2058; x_wconf 85' lang='grc' dir='ltr'>πολύ·</span> 
     </span>
    </p>

    <p class='ocr_par' dir='ltr' id='par_1_5' title="bbox 127 2108 1460 2326">
     <span class='ocr_line' id='line_1_30' title="bbox 171 2108 1458 2151; baseline 0 -10"><span class='ocrx_word' id='word_1_177' title='bbox 171 2120 234 2149; x_wconf 85' lang='grc'>573</span> <span class='ocrx_word' id='word_1_178' title='bbox 260 2110 412 2143; x_wconf 79' lang='grc' dir='ltr'>ὑστάτοις</span> <span class='ocrx_word' id='word_1_179' title='bbox 430 2110 631 2143; x_wconf 80' lang='lat' dir='ltr'>Blomfield:</span> <span class='ocrx_word' id='word_1_180' title='bbox 658 2112 797 2143; x_wconf 76' lang='grc' dir='ltr'>ὕστατος</span> <span class='ocrx_word' id='word_1_181' title='bbox 811 2110 837 2141; x_wconf 86' lang='grc' dir='ltr'>Ρ</span> <span class='ocrx_word' id='word_1_182' title='bbox 854 2121 860 2141; x_wconf 90' lang='lat'>:</span> <span class='ocrx_word' id='word_1_183' title='bbox 885 2112 1028 2142; x_wconf 74' lang='grc' dir='ltr'>ὕστατον</span> <span class='ocrx_word' id='word_1_184' title='bbox 1046 2109 1072 2139; x_wconf 94' lang='lat' dir='ltr'>L</span> <span class='ocrx_word' id='word_1_185' title='bbox 1176 2108 1389 2151; x_wconf 74' lang='grc' dir='ltr'>πρόσφθεγμά</span> <span class='ocrx_word' id='word_1_186' title='bbox 1405 2122 1458 2148; x_wconf 81' lang='grc' dir='ltr'>μοι</span> 
     </span>
     <span class='ocr_line' id='line_1_31' title="bbox 129 2152 1459 2195; baseline -0.001 -12"><span class='ocrx_word' id='word_1_187' title='bbox 129 2154 162 2193; x_wconf 66' lang='grc' dir='ltr'>(ε</span> <span class='ocrx_word' id='word_1_188' title='bbox 176 2164 205 2184; x_wconf 89' lang='grc' dir='ltr'>ν.</span> <span class='ocrx_word' id='word_1_189' title='bbox 218 2158 303 2193; x_wconf 76' lang='lat' dir='ltr'>seq.)</span> <span class='ocrx_word' id='word_1_190' title='bbox 318 2154 344 2183; x_wconf 90' lang='lat' dir='ltr'>L</span> <span class='ocrx_word' id='word_1_191' title='bbox 355 2154 380 2184; x_wconf 86' lang='lat' dir='ltr'>P</span> <span class='ocrx_word' id='word_1_192' title='bbox 394 2166 400 2184; x_wconf 92' lang='lat'>:</span> <span class='ocrx_word' id='word_1_193' title='bbox 417 2164 504 2185; x_wconf 85' lang='lat' dir='ltr'>corr.</span> <span class='ocrx_word' id='word_1_194' title='bbox 519 2154 701 2186; x_wconf 83' lang='lat' dir='ltr'>Blomfield</span> <span class='ocrx_word' id='word_1_195' title='bbox 792 2155 857 2193; x_wconf 89' lang='lat'>576</span> <span class='ocrx_word' id='word_1_196' title='bbox 878 2154 1048 2195; x_wconf 84' lang='grc' dir='ltr'>ἀρέσκουσι</span> <span class='ocrx_word' id='word_1_197' title='bbox 1064 2153 1144 2183; x_wconf 88' lang='lat' dir='ltr'>LP:</span> <span class='ocrx_word' id='word_1_198' title='bbox 1163 2163 1248 2184; x_wconf 82' lang='lat' dir='ltr'>corr.</span> <span class='ocrx_word' id='word_1_199' title='bbox 1262 2152 1459 2191; x_wconf 86' lang='lat' dir='ltr'><strong>Stephanus</strong></span> 
     </span>
     <span class='ocr_line' id='line_1_32' title="bbox 128 2195 1460 2238; baseline -0.002 -10"><span class='ocrx_word' id='word_1_200' title='bbox 128 2206 189 2235; x_wconf 86' lang='lat'>577</span> <span class='ocrx_word' id='word_1_201' title='bbox 213 2197 273 2237; x_wconf 80' lang='grc' dir='ltr'>μὴ]</span> <span class='ocrx_word' id='word_1_202' title='bbox 292 2198 342 2229; x_wconf 80' lang='grc' dir='ltr'>καὶ</span> <span class='ocrx_word' id='word_1_203' title='bbox 364 2197 555 2236; x_wconf 79' lang='lat' dir='ltr'>Kirchhoff‚</span> <span class='ocrx_word' id='word_1_204' title='bbox 574 2198 687 2229; x_wconf 82' lang='lat' dir='ltr'><strong>deleto</strong></span> <span class='ocrx_word' id='word_1_205' title='bbox 704 2202 783 2238; x_wconf 83' lang='lat' dir='ltr'>post</span> <span class='ocrx_word' id='word_1_206' title='bbox 800 2200 905 2230; x_wconf 79' lang='grc' dir='ltr'>θανεῖν</span> <span class='ocrx_word' id='word_1_207' title='bbox 923 2201 1050 2236; x_wconf 87' lang='lat' dir='ltr'>puncto</span> <span class='ocrx_word' id='word_1_208' title='bbox 1179 2197 1239 2235; x_wconf 84' lang='lat'>581</span> <span class='ocrx_word' id='word_1_209' title='bbox 1266 2197 1295 2227; x_wconf 77' lang='grc' dir='ltr'>τ’</span> <span class='ocrx_word' id='word_1_210' title='bbox 1314 2195 1362 2226; x_wconf 91' lang='lat' dir='ltr'>L:</span> <span class='ocrx_word' id='word_1_211' title='bbox 1387 2196 1414 2227; x_wconf 86' lang='grc' dir='ltr'>δ’</span> <span class='ocrx_word' id='word_1_212' title='bbox 1434 2195 1460 2225; x_wconf 88' lang='grc' dir='ltr'>Ρ</span> 
     </span>
     <span class='ocr_line' id='line_1_33' title="bbox 127 2238 1457 2282; baseline -0.002 -11"><span class='ocrx_word' id='word_1_213' title='bbox 127 2241 190 2278; x_wconf 84' lang='grc'>582</span> <span class='ocrx_word' id='word_1_214' title='bbox 217 2242 431 2280; x_wconf 82' lang='grc' dir='ltr'>εὐδαιμονεΐτε</span> <span class='ocrx_word' id='word_1_215' title='bbox 451 2241 476 2270; x_wconf 86' lang='grc' dir='ltr'><em>Ρ</em></span> <span class='ocrx_word' id='word_1_216' title='bbox 580 2243 644 2280; x_wconf 86' lang='grc'>583</span> <span class='ocrx_word' id='word_1_217' title='bbox 669 2242 877 2282; x_wconf 78' lang='grc' dir='ltr'>σφαλήσεται</span> <span class='ocrx_word' id='word_1_218' title='bbox 895 2241 1046 2271; x_wconf 82' lang='lat' dir='ltr'>Badham</span> <span class='ocrx_word' id='word_1_219' title='bbox 1157 2241 1220 2279; x_wconf 87' lang='lat'>585</span> <span class='ocrx_word' id='word_1_220' title='bbox 1245 2242 1360 2279; x_wconf 75' lang='grc' dir='ltr'>τιμᾶτε</span> <span class='ocrx_word' id='word_1_221' title='bbox 1378 2238 1457 2268; x_wconf 86' lang='lat' dir='ltr'>Por-</span> 
     </span>
     <span class='ocr_line' id='line_1_34' title="bbox 127 2282 1459 2326; baseline 0.001 -14"><span class='ocrx_word' id='word_1_222' title='bbox 127 2289 181 2313; x_wconf 84' lang='lat' dir='ltr'>tus</span> <span class='ocrx_word' id='word_1_223' title='bbox 198 2294 205 2313; x_wconf 73' lang='grc' dir='ltr'>ε</span> <span class='ocrx_word' id='word_1_224' title='bbox 228 2288 346 2324; x_wconf 82' lang='grc' dir='ltr'>τιμῷτε</span> <span class='ocrx_word' id='word_1_225' title='bbox 366 2284 392 2313; x_wconf 94' lang='lat' dir='ltr'>L</span> <span class='ocrx_word' id='word_1_226' title='bbox 405 2284 430 2313; x_wconf 84' lang='lat' dir='ltr'>P</span> <span class='ocrx_word' id='word_1_227' title='bbox 541 2286 604 2322; x_wconf 85' lang='lat'>588</span> <span class='ocrx_word' id='word_1_228' title='bbox 629 2286 777 2326; x_wconf 83' lang='grc' dir='ltr'>σώτηραν</span> <span class='ocrx_word' id='word_1_229' title='bbox 795 2285 821 2315; x_wconf 94' lang='lat' dir='ltr'>L</span> <span class='ocrx_word' id='word_1_230' title='bbox 834 2284 878 2316; x_wconf 88' lang='lat' dir='ltr'>P:</span> <span class='ocrx_word' id='word_1_231' title='bbox 905 2295 989 2315; x_wconf 83' lang='lat' dir='ltr'>corr.</span> <span class='ocrx_word' id='word_1_232' title='bbox 1014 2284 1049 2314; x_wconf 92' lang='lat' dir='ltr'>L¹</span> <span class='ocrx_word' id='word_1_233' title='bbox 1067 2283 1119 2313; x_wconf 79' lang='lat' dir='ltr'>vel</span> <span class='ocrx_word' id='word_1_234' title='bbox 1139 2283 1179 2313; x_wconf 80' lang='lat' dir='ltr'>L²</span> <span class='ocrx_word' id='word_1_235' title='bbox 1284 2292 1349 2322; x_wconf 87' lang='lat'>592</span> <span class='ocrx_word' id='word_1_236' title='bbox 1373 2282 1459 2314; x_wconf 77' lang='grc' dir='ltr'>κάτω</span> 
     </span>
    </p>
   </div>
   <div class='ocr_carea' id='block_1_3' title="bbox 129 2326 1457 2412">
    <p class='ocr_par' dir='ltr' id='par_1_6' title="bbox 129 2326 1457 2412">
     <span class='ocr_line' id='line_1_35' title="bbox 130 2326 1457 2367; baseline 0 -11"><span class='ocrx_word' id='word_1_237' title='bbox 130 2326 225 2358; x_wconf 77' lang='lat' dir='ltr'>Stob.</span> <span class='ocrx_word' id='word_1_238' title='bbox 248 2336 319 2357; x_wconf 85' lang='lat'>120.</span> <span class='ocrx_word' id='word_1_239' title='bbox 337 2329 357 2356; x_wconf 92' lang='lat'><strong>6</strong></span> <span class='ocrx_word' id='word_1_240' title='bbox 372 2338 377 2356; x_wconf 76' lang='grc' dir='ltr'>ε</span> <span class='ocrx_word' id='word_1_241' title='bbox 404 2329 488 2360; x_wconf 82' lang='grc' dir='ltr'>κατὰ</span> <span class='ocrx_word' id='word_1_242' title='bbox 506 2328 531 2358; x_wconf 94' lang='lat' dir='ltr'>L</span> <span class='ocrx_word' id='word_1_243' title='bbox 544 2328 570 2358; x_wconf 92' lang='lat' dir='ltr'>P</span> <span class='ocrx_word' id='word_1_244' title='bbox 696 2330 760 2367; x_wconf 85' lang='lat'>596</span> <span class='ocrx_word' id='word_1_245' title='bbox 784 2329 882 2360; x_wconf 82' lang='grc' dir='ltr'>κακὸν</span> <span class='ocrx_word' id='word_1_246' title='bbox 899 2327 925 2358; x_wconf 89' lang='grc' dir='ltr'><em>Ρ</em></span> <span class='ocrx_word' id='word_1_247' title='bbox 1059 2337 1121 2366; x_wconf 88' lang='lat'>597</span> <span class='ocrx_word' id='word_1_248' title='bbox 1147 2327 1293 2358; x_wconf 83' lang='lat' dir='ltr'>fortasse</span> <span class='ocrx_word' id='word_1_249' title='bbox 1309 2326 1332 2357; x_wconf 73' lang='grc' dir='ltr'>ὧ</span> <span class='ocrx_word' id='word_1_250' title='bbox 1349 2337 1457 2366; x_wconf 80' lang='grc' dir='ltr'>περισ-</span> 
     </span>
     <span class='ocr_line' id='line_1_36' title="bbox 129 2370 1178 2412; baseline -0.001 -11"><span class='ocrx_word' id='word_1_251' title='bbox 129 2371 198 2401; x_wconf 85' lang='grc' dir='ltr'>σὸν.</span> <span class='ocrx_word' id='word_1_252' title='bbox 247 2370 296 2400; x_wconf 85' lang='lat' dir='ltr'>Cf.</span> <span class='ocrx_word' id='word_1_253' title='bbox 316 2370 400 2401; x_wconf 87' lang='lat' dir='ltr'><strong>Hec.</strong></span> <span class='ocrx_word' id='word_1_254' title='bbox 424 2381 487 2410; x_wconf 83' lang='lat'>579</span> <span class='ocrx_word' id='word_1_255' title='bbox 602 2373 740 2412; x_wconf 79' lang='grc' dir='ltr'>εὐψυχία</span> <span class='ocrx_word' id='word_1_256' title='bbox 758 2372 834 2412; x_wconf 57' lang='lat' dir='ltr'>(sic)</span> <span class='ocrx_word' id='word_1_257' title='bbox 855 2370 916 2401; x_wconf 77' lang='lat' dir='ltr'>P²=</span> <span class='ocrx_word' id='word_1_258' title='bbox 942 2371 1094 2411; x_wconf 78' lang='grc' dir='ltr'>εὐψυχίας</span> <span class='ocrx_word' id='word_1_259' title='bbox 1115 2370 1178 2401; x_wconf 86' lang='lat' dir='ltr'>LP</span> 
     </span>
    </p>
   </div>
  </div>
 </body>
</html>
