1683 2732
648 81 1017 118 ΙΠΠΟΛὙΤΟΣ

268 184 455 236 ἄφθογγα
479 183 511 224 δ’
538 182 672 225 αὐταῖς
697 182 1008 235 συγκατοικίζειν
1033 180 1128 231 δάκη

267 253 407 302 θηρῶν,
436 249 484 290 ἵν’
510 250 619 303 εἶχον
644 248 741 300 μήτε
765 252 1022 301 προσφωνεῖν
1047 264 1132 288 τινα

265 315 355 367 μήτ’
381 316 426 367 ἐξ
448 317 608 357 ἐκείνων
634 314 797 368 φθέγμα
820 313 1010 365 δέξασθαι
1035 313 1167 354 πάλιν.

267 387 336 424 νῦν
361 383 394 423 δ’
419 383 458 423 αὶ
482 385 552 434 μὲν
579 382 692 423 ἔνδον
716 377 894 433 Τδρῶσιν
919 383 958 422 αἱ
984 376 1130 421 κακαὶὝ
1156 380 1253 420 κακὰ

265 449 519 501 βουλεύματ’,
546 447 620 500 ἔξω
647 448 678 488 δ’
705 447 919 500 ἐκφέρουσι
943 448 1180 500 πρόσπολοι.
1427 449 1492 489 650

335 516 385 559 ὡς
412 516 473 556 καὶ
500 516 551 558 σύ
573 515 609 568 γ’
635 515 727 567 ἡμῖν
751 515 909 567 πατρός,
938 512 967 554 ὠ
994 513 1112 555 κακὸν
1139 512 1247 566 κάρα,

266 582 441 635 λέκτρων
466 583 635 623 ἀθίκτων
660 581 780 632 ηλθες
806 583 846 624 ἐς
872 579 1141 633 συναλλαγάς·

265 649 348 701 ἁγὼ
373 650 502 701 ῥυτοῖς
527 652 741 700 νασμοῖσιν
766 647 1038 700 ἐξομόρξομαι,

265 717 305 757 ἐς
332 713 410 755 ὦτα
436 715 598 765 κλύζων.
671 719 752 757 πῶς
777 714 824 756 ἂν
849 715 917 755 οὖν
943 716 1025 765 εἴην
1052 713 1179 760 κακός,

265 781 307 824 ὃς
332 781 411 822 οὐδ’
438 782 608 823 ἀκούσας
633 781 756 822 τοιάδ’
782 781 962 833 ἁγνεύειν
988 783 1108 827 δοκῶ;
1427 781 1490 821 655

267 848 307 889 εὖ
332 847 364 888 δ’
391 850 488 894 ἵσθι,
516 848 660 899 τούμόν
687 847 724 887 σ’
752 847 920 899 εὐσεβὲς
946 845 1072 902 σῴζει,
1100 847 1226 898 γύναι·

268 915 301 955 εἰ
324 914 376 965 μὴ
402 916 477 967 γὰρ
502 915 630 967 ὅρκοις
655 917 754 955 θεῶν
781 914 980 967 ἄφρακτος
1004 912 1160 970 ᾑρέθην,

267 980 333 1021 οὐκ
359 981 406 1021 ἄν
432 981 517 1021 ποτ’
543 982 670 1034 ἔσχον
694 981 746 1032 μὴ
773 981 817 1021 οὐ
841 980 922 1020 τάδ’
949 979 1118 1030 ἐξειπεῖν
1143 978 1273 1029 πατρί.

266 1051 334 1088 νῦν
358 1047 390 1087 δ’
416 1049 457 1088 ἐκ
482 1047 611 1098 δόμων
635 1047 722 1098 μέν,
750 1046 832 1087 ἔστ’
856 1045 904 1086 ἂν
929 1046 1094 1097 ἔκδημος
1118 1044 1262 1099 χθονὸς

268 1114 441 1165 Θησεύς,
468 1113 615 1164 ἄπειμι·
656 1117 753 1166 σῖγα
777 1113 809 1154 δ’
835 1112 975 1164 ἕξομεν
1001 1113 1142 1164 στόμα.
1426 1113 1492 1144 660

267 1180 459 1232 θεάσομαι
484 1183 526 1221 δὲ
552 1179 625 1221 σὺν
650 1179 797 1232 πατρὸς
821 1180 956 1230 μολὼν
980 1179 1071 1220 ποδὶ

267 1251 347 1289 πῶς
372 1263 433 1288 νιν
459 1247 649 1303 προσάψῃ
679 1247 741 1287 καὶ
769 1245 819 1286 σὺ
846 1246 909 1286 καὶ
933 1245 1123 1286 δέσποινα
1149 1243 1213 1295 σή·

267 1316 335 1364 τῆς
362 1316 436 1365 σῆς
460 1316 501 1354 δὲ
527 1314 674 1364 τόλμης
700 1314 858 1363 εἵσομαι
881 1311 1130 1364 γεγευμένος.

332 1382 508 1421 ὄλοισθε.
580 1383 710 1431 μισῶν
735 1378 768 1418 δ’
794 1378 926 1420 οὔποτ’
952 1376 1288 1429 ἐμπλησθήσομαι

267 1450 463 1499 γυναῖκας,
492 1445 570 1487 οὐδ’
597 1447 633 1487 εἴ
656 1446 764 1498 φησί
785 1446 843 1487 τίς
866 1444 905 1496 μ’
931 1444 991 1485 ἀεὶ
1015 1443 1162 1496 λέγειν·
1428 1445 1492 1485 665

266 1513 327 1554 ἀεὶ
352 1515 426 1566 γὰρ
452 1513 519 1553 οὖν
544 1513 627 1555 πώς
651 1514 732 1553 εἰσι
757 1513 932 1552 κάκεῖναι
958 1511 1083 1551 κακαί.

263 1579 287 1631 ἤ
312 1579 382 1621 νύν
406 1597 464 1622 τις
490 1579 607 1621 αὐτὰς
633 1581 856 1631 σωφρονεῖν
882 1576 1089 1628 διδαξάτω,

266 1642 289 1696 ἢ
315 1646 402 1697 κᾶμ’
429 1645 529 1687 ἐάτω
553 1645 681 1687 ταῖσδ’
707 1646 965 1696 ἐπεμβαίνειν
990 1644 1063 1684 ἀεί.

167 1760 242 1797 Φα.
329 1756 497 1799 τάλανες
521 1755 550 1796 ὦ
578 1759 806 1809 κακοτυχεῖς
1390 1748 1490 1805 [ἀντ.

332 1827 526 1875 γυναικῶν
550 1824 705 1874 πότμοι.

208 1916 271 1954 647
296 1915 377 1955 μηδὲ
394 1915 420 1945 L
434 1915 460 1945 P
478 1915 553 1955 (Sed
569 1915 651 1955 μήτε
668 1915 747 1953 648)
871 1914 935 1952 648
959 1912 1088 1954 δεξηται
1105 1911 1134 1941 V
1250 1911 1317 1949 649
1342 1920 1407 1941 om.
1428 1909 1454 1940 Ῑ
1467 1909 1492 1939 P

166 1961 282 2000 δρῶσιν
298 1963 514 1998 suspectum:
541 1960 571 1990 αἱ
586 1957 647 1997 μὲν
663 1958 827 1990 δέσποιναι
846 1957 938 1989 ἔνδον
952 1960 1163 1997 μηχανῶνται
1181 1954 1222 1986 τὰ
1238 1952 1321 1985 κακά
1337 1957 1361 1986 Σ
1381 1954 1492 1991 (namu

165 2001 273 2040 Weil)
364 2003 425 2040 651
446 2003 473 2034 εἰ
489 2003 539 2034 καὶ
559 2002 584 2031 I
597 2001 661 2043 Py
662 2000 738 2043 ρ.Β
827 2002 890 2039 654
910 2002 957 2038 εἴη
977 2000 1024 2030 L:
1049 2008 1133 2030 corr.
1153 1997 1166 2027 l
1252 1997 1316 2035 656
1334 1994 1447 2035 σώζειν
1462 1995 1492 2025 V

165 2046 228 2084 657
254 2046 413 2086 ἄφαρκτος
429 2045 575 2075 Dindorf
637 2014 775 2099 Ὑῇρεθην
793 2043 934 2074 Pierson
948 2053 966 2073 e
981 2046 1004 2076 Σ
1019 2042 1218 2096 (ἐλήφθην)τ
1245 2039 1374 2080 εὖρέθην
1391 2038 1489 2070 codd

165 2089 230 2127 658
257 2088 358 2129 ἔσχον
373 2088 403 2118 Α
415 2089 441 2118 L
454 2088 479 2118 P
496 2092 529 2118 et
546 2088 623 2119 fort.
642 2092 685 2121 Σ.
712 2086 855 2128 ἐπεσχον
873 2086 905 2116 Μ
916 2086 947 2115 V
958 2085 985 2115 B
1074 2085 1118 2123 μὴ
1135 2083 1206 2115 τάδ’
1226 2083 1251 2113 L
1264 2082 1290 2112 P
1378 2081 1490 2124 πατρί]

167 2132 248 2164 κακὰ
261 2144 314 2180 γρ.
334 2132 429 2173 πατρί
446 2131 478 2161 Μ
592 2132 657 2170 659
682 2133 802 2173 ἐκδημῇ
822 2130 1008 2160 Hermann.
1052 2127 1100 2159 Cf.
1119 2126 1312 2157 Atticistam
1331 2125 1490 2156 Reitzen-

166 2175 294 2213 steinii‚
319 2184 350 2213 p.
378 2185 397 2212 4
424 2174 594 2213 (Rostock
621 2175 717 2214 1892)
850 2174 925 2213 659,
945 2173 1010 2202 660
1035 2171 1159 2210 Θησεὺς
1183 2169 1299 2211 χθονός
1322 2169 1353 2198 V
1379 2168 1489 2199 Haun.

165 2219 229 2257 665
253 2218 351 2258 φήσει
368 2217 398 2247 V
417 2217 529 2249 Haun.
692 2217 759 2248 666
780 2217 842 2259 ’γὰρ
860 2218 958 2248 οὕτως
976 2215 1069 2246 Stob.
1091 2224 1140 2253 73.
1162 2222 1182 2252 3
1335 2213 1400 2252 669
1422 2218 1490 2244 Φαι

166 2261 249 2292 AB²
280 2260 347 2300 (vel
381 2260 438 2301 13¹)
467 2265 512 2294 2:
552 2266 627 2302 Χορ.
664 2230 842 2300 ΜΥᾙΎΓΡ
867 2259 1041 2290 Phaedrae
1074 2262 1152 2288 nota
1183 2267 1211 2288 ν.
1245 2257 1310 2295 672
1341 2255 1490 2295 praefixa

167 2304 316 2336 τάλαινες
334 2304 427 2335 codd.
448 2312 454 2333 τ
480 2315 488 2335 ι
506 2313 637 2334 erasum
656 2303 690 2334 in
707 2303 738 2334 A
750 2303 777 2334 Β
791 2303 817 2333 L

1305 2355 1364 2387 15*
