1683 2732
184 558 237 595 Ιο.

187 1090 259 1136 Δη.

656 88 1043 127 ΗΡΑΚΛΕΙΔΑῙ

353 189 436 231 ἰτέα
462 191 713 244 κατάχαλκός
737 187 892 243 [ἐστιν.]

417 257 508 297 ἀλλ’
533 257 589 303 οὐ,
615 256 802 307 πολέμων
828 257 1010 309 ἐραστάς,

415 322 467 374 μή
492 340 558 375 μοι
583 324 666 376 δορὶ
692 322 950 375 συνταράξεις

417 391 488 430 τὰν
514 390 555 430 εὖ
579 391 753 444 χαρίτων
779 389 955 443 ἔχουσαν

483 457 613 503 πόλιν,
642 456 734 497 ἀλλ’
760 456 952 510 ἀνάσχου.

281 553 311 595 ὦ
336 559 419 602 παῖ,
446 557 487 596 τί
506 573 571 607 μοι
597 555 787 596 σύννοιαν
813 558 987 608 ὄμμασιν
1013 556 1146 609 φέρων

283 622 408 672 ἥκεις;
448 622 536 663 νέον
560 640 596 663 τι
622 623 822 674 πολεμίων
847 622 976 674 λέξεις
1001 623 1109 675 πέρι;

282 687 503 739 μέλλουσιν
527 685 550 739 ἢ
575 688 759 741 πάρεισιν
784 686 807 740 ἢ
834 691 875 730 τί
895 689 1092 746 πυνθάνῃ;

283 755 328 794 οὐ
352 754 426 807 γάρ
451 772 488 796 τι
512 755 564 806 μὴ
590 755 748 812 ψεύσῃς
774 773 820 808 γε
847 755 1007 808 κήρυκος
1033 758 1189 809 λόγους·

284 821 303 859 ὁ
328 823 402 873 γὰρ
429 821 649 874 στρατηγὸς
676 821 841 876 εὐτυχὴς
865 825 913 862 τὰ
939 823 1035 875 πρὸς
1061 826 1158 864 θεῶν

284 887 400 933 εἶσιν,
429 888 529 941 σάφ’
556 889 654 935 οἶδα,
683 890 745 930 καὶ
770 888 863 940 μάλ’
891 889 935 929 οὐ
961 889 1125 941 σμικρὸν
1151 894 1322 942 φρονῶν,

284 955 324 996 ἐς
347 955 417 996 τὰς
440 953 621 1005 Ἀθήνας.
694 956 800 995 ἀλλὰ
824 959 900 996 τῶν
927 955 1191 1008 φρονημάτων

284 1020 303 1058 ὁ
329 1020 427 1062 Ζεὺς
453 1021 650 1072 κολαστὴς
675 1026 753 1062 τῶν
777 1021 879 1074 ἄγαν
903 1023 1174 1077 ὑπερφρόνων.

281 1086 366 1136 ἥκει
392 1087 601 1139 στράτευμ’
628 1088 809 1140 Ἀργεῖον
837 1088 1061 1140 Εὐρυσθεύς
1084 1088 1118 1128 τ’
1144 1088 1255 1140 ἄναξ·

284 1153 361 1205 ἐγώ
389 1171 449 1194 νιν
475 1154 589 1196 αὐτὸς
616 1153 733 1195 εἶδον.
804 1154 924 1206 ἄνδρα
949 1156 1023 1207 γὰρ
1048 1155 1189 1207 χρεών,

284 1221 396 1262 ὅστις
422 1225 659 1274 στρατηγεῖν
686 1221 784 1274 φησ’
810 1221 1051 1262 ἐπίστασθαι
1077 1225 1218 1267 καλῶς,

285 1286 353 1326 οὐκ
379 1287 590 1340 ἀγγέλοισι
615 1287 706 1330 τοὺς
732 1288 930 1328 ἐναντίους
955 1288 1061 1339 ὁρᾶν.

285 1354 399 1393 πεδία
423 1356 495 1404 μὲν
520 1354 588 1394 οὖν
612 1356 685 1406 γῆς
710 1355 749 1395 ἐς
775 1353 858 1393 τάδ’
885 1353 954 1393 οὐκ
980 1353 1104 1406 ἐφῆκέ
1128 1370 1187 1394 πω

286 1420 470 1472 στρατόν,
497 1421 667 1460 λεπαίαν
693 1419 725 1460 δ’
753 1419 904 1472 ὀφρύην
931 1418 1147 1470 καθήμενος

285 1487 649 1537 σκοπεῖ-δόκησιν
675 1487 720 1537 δὴ
746 1485 825 1526 τόδ’
850 1485 898 1526 ἂν
922 1485 1083 1539 λέγοιμί
1105 1503 1229 1526 σοι-

285 1548 408 1607 ’Ϋποίᾳ
433 1552 624 1606 προσάξει
650 1553 920 1605 στρατόπεδον
943 1554 992 1592 τὰ
1016 1556 1083 1593 νῦν
1108 1552 1221 1604 δορὸς

284 1620 326 1659 ἐν
351 1621 534 1673 ἀσφαλεῖ
555 1637 597 1661 τε
621 1620 734 1670 τῆσδ’
763 1620 960 1672 ἱδρύσεται
984 1615 1169 1673 χθονόςῘΫ

288 1687 349 1727 καὶ
374 1688 476 1738 τάμὰ
500 1687 637 1738 μέντοι
661 1685 775 1727 πάντ’
800 1686 909 1739 ἄραρ’
935 1685 1006 1737 ἤδη
1034 1690 1173 1728 καλῶς·

286 1753 402 1795 πόλις
427 1753 459 1793 τ’
485 1755 527 1794 ἐν
553 1755 705 1799 ὅπλοις,
734 1752 891 1805 σφάγιά
917 1752 950 1792 θ’
974 1752 1245 1804 ἡτοιμασμένα

287 1820 454 1871 ἕστηκεν
480 1821 538 1862 οἷς
562 1821 638 1873 χρὴ
664 1823 783 1860 ταῦτα
807 1819 1021 1870 τέμνεσθαι
1047 1822 1158 1864 θεῶν,

1450 466 1511 506 380

1450 832 1510 870 385

1446 1169 1509 1201 390

1449 1500 1509 1531 395

1447 1830 1511 1861 400

230 1922 292 1952 377
330 1914 405 1945 ἀλλ’
438 1913 460 1944 ὧ
493 1914 621 1944 Cantex·
726 1913 846 1954 ἐραστά
876 1912 1055 1952 Musgrave
1218 1910 1281 1949 378
1318 1909 1511 1950 συνταράξῃς

188 1955 318 1987 Barnes

188 1999 323 2038 Aldina)

187 2043 250 2081 384

188 2087 250 2125 385
281 2087 323 2118 τὰ
346 2086 484 2128 πρόσθεν
507 2088 550 2119 ὢν
574 2086 741 2126 Tyrwhitt

465 1966 529 1997 379
561 1957 594 1989 εὖ
613 1957 756 1999 χαρίτων
777 1956 952 1995 Elmsley:
986 1955 1184 1997 εὐχαρίστως
1212 1953 1275 1983 LP
1299 1953 1510 1993 (εὐχαρίστων

523 2000 586 2039 382
621 2001 722 2041 λέξεις
757 2000 956 2030 Kirchhoff:
998 2000 1106 2039 λέγεις
1142 1997 1204 2026 LP
1239 1997 1341 2036 xk'xets
1379 1995 1509 2029 Nauck)

289 2043 409 2085 ψεύσῃς
438 2043 577 2083 scripsi:
613 2044 715 2085 ψεύσῃ
746 2043 810 2073 LP
921 2043 1024 2084 ψεύσῃ
1054 2054 1090 2073 σε
1120 2065 1125 2071 .
1160 2064 1165 2070 .
1196 2063 1202 2070 .
1236 2039 1335 2080 λόγος
1364 2038 1512 2076 Elmsley

918 2086 981 2124 386
1014 2086 1094 2116 εἶσιν
1121 2082 1295 2121 Elmsley:
1330 2082 1420 2113 ἐστίν
1446 2081 1511 2111 LP

188 2131 251 2168 387
275 2129 368 2161 τάσδ’
388 2129 553 2169 Hartung.
605 2130 673 2161 Sed
692 2130 731 2160 cf.
752 2131 806 2169 69,
826 2131 890 2168 839
988 2129 1072 2160 ἀλλὰ
1089 2127 1169 2167 τῶν]
1189 2128 1330 2156 sortasse
1348 2126 1424 2156 ἀλλ’
1441 2127 1507 2156 ἴτω.

189 2172 238 2203 Cf.
257 2173 350 2212 Cycl.
371 2174 436 2203 616
579 2174 642 2213 388
667 2173 851 2215 ὑπερκόπων
870 2172 1061 2203 Schroeder
1194 2179 1258 2209 393
1282 2169 1351 2201 τάδ’
1371 2168 1509 2207 Stepha-

304 2216 370 2248 τόδ’
397 2216 462 2246 LP
637 2227 700 2257 394
732 2217 871 2249 λεπαῖαν
896 2215 1083 2246 Stiblimffi:
1119 2213 1274 2255 λεπάραν,
1305 2222 1379 2242 cum
1399 2211 1510 2261 'globss

190 2259 289 2300 ὄνομα
304 2259 405 2291 τόπου
424 2260 449 2289 L
460 2260 486 2290 P
608 2269 672 2301 395
697 2262 830 2292 σκοπεῖν
846 2259 871 2289 Ρ
996 2259 1059 2297 396
1082 2257 1187 2299 τέχνῃ
1205 2257 1293 2298 δορὸς
1310 2255 1488 2286 ἮΕΕΚῙΕΗ]
1505 2266 1510 2284 :

190 2226 253 2247 HUS
265 2227 272 2248 ἶ

190 2304 219 2335 τ’
235 2305 307 2336 ἄνευ
324 2305 413 2345 δορὸς
431 2303 610 2343 Musgrave

191 2346 290 2377 tt'one'
309 2347 454 2377 reddens
472 2347 510 2378 cl.
533 2347 612 2378 Hdt.
636 2348 654 2378 i.
678 2358 745 2386 190,
765 2347 833 2377 viii.
851 2356 893 2375 20

743 2313 806 2342 397
831 2303 884 2343 τε]
903 2316 945 2340 πη
959 2301 1101 2340 Vcrrall,
1122 2300 1286 2341 προ-σάξει
1306 2298 1511 2339 ‘praemunt'-

1026 2345 1089 2383 398
1112 2343 1221 2382 μέντοι
1242 2343 1289 2373 L:
1313 2342 1372 2381 μὲν
1390 2341 1416 2371 Ρ
