1651 2780
127 799 144 830 5

108 1090 145 1111 10

582 189 1070 244 ΑΛΚΗΣΤΙΣ

271 503 558 542 ’ΥΠΟΘΕΣΙΣ
606 503 712 540 ΑΛΚ
722 502 968 541 ΗΣΤΙΔΟΣ
1017 497 1389 554 [ΔΙΚΑΙΑΡΧΟΤ]

216 612 396 646 Ἀπόλλων
425 610 578 655 ᾐτήσατο
609 611 700 655 παρὰ
731 615 797 646 τῶν
823 614 961 657 Μοιρῶν
987 610 1075 646 ὅπως
1102 613 1119 645 ὁ
1139 610 1311 656 ’Ἄδμητος
1337 614 1496 647 τελευτᾶν

168 670 305 714 μέλλων
330 670 491 714 παράσχῃ
518 669 576 703 τὸν
602 669 684 714 ὑπὲρ
710 670 831 703 ἑαυτοῦ
856 670 973 703 ἑκόντα
999 669 1250 713 τεθνηξόμενον,
1272 668 1324 704 ’ἶνα
1350 668 1426 705 ἴσον
1451 669 1497 717 τῷ

167 727 319 774 προτέρῳ
353 729 477 772 χρόνον
511 727 606 771 ζήσῃ.
669 727 721 762 καὶ
757 727 796 771 δὴ
823 725 1025 771 ”Αλκηστις,
1057 726 1075 770 ἡ
1105 727 1187 772 ’γυνὴ
1220 730 1281 762 τοῦ
1312 727 1493 772 Ἀδμήτου,

164 787 330 821 ἐπέδωκεν
348 785 478 829 ἑαυτήν,
498 785 676 831 οὐδετέρου
699 789 765 821 τῶν
786 787 912 831 γονέων
933 785 1161 830 ἐθελήσαντος
1186 786 1270 832 ὑπὲρ
1293 789 1353 821 τοῦ
1375 787 1496 823 παιδὸς

164 844 353 880 ἀποθανεῖν.
404 843 474 889 μετ’
492 845 530 879 οὐ
547 845 637 879 πολὺ
657 844 693 879 δέ
711 843 832 888 ταύτης
852 846 910 889 τῆς
927 846 1110 890 συμφορᾶς
1127 845 1305 889 γενομένης
1325 844 1497 891 Ἡρακλῆς

163 904 434 948 παραγενόμενος
454 903 505 936 καὶ
523 903 638 948 μαθὼν
650 904 741 949 παρά
755 917 846 938 τινος
861 902 1066 948 θεράποντος
1083 904 1125 937 τὰ
1143 904 1218 948 περὶ
1237 902 1496 948 τὴν”Αλκηστιν

163 960 327 1006 ἐπορεύθη
340 960 396 996 ἐπὶ
411 962 469 996 τὸν
482 961 594 1005 τάφον
609 961 661 995 καὶ
675 962 826 996 Θάνατον
837 961 1026 1004 ἀποστῆναι
1040 960 1184 1005 ποιήσας
1199 960 1317 1004 ἐσθῆτι
1333 961 1496 997 καλύπτει

164 1019 223 1063 τὴν
240 1021 387 1065 γυναῖκα,
408 1019 467 1054 τὸν
485 1019 520 1053 δέ
532 1018 705 1064 ’Ἄδμητον
722 1017 818 1063 ἠξίου
839 1020 992 1062 λαβόντα
1016 1019 1118 1063 αὐτὴν
1148 1021 1268 1063 τηρεῖν.
1319 1020 1495 1065 εἰληφέναι

164 1078 229 1123 γὰρ
248 1077 350 1122 αὐτὴν
366 1078 475 1122 πάλης
496 1076 603 1112 ἆθλον
625 1078 733 1124 ἔλεγε.
783 1078 828 1122 μὴ
853 1077 1067 1121 βουλομένου
1093 1077 1127 1111 δέ
1153 1076 1281 1111 ἐκείνου
1307 1077 1435 1121 ἔδειξεν
1458 1076 1497 1122 ἣν

164 1135 308 1172 ἐπένθει.

721 1264 940 1321 [ΑΛΛΩΣ]

205 1374 406 1421 ”Αλκηστις,
434 1376 451 1420 ἡ
478 1377 606 1411 Πελίου
637 1376 797 1421 θυγάτηρ,
825 1376 1033 1420 ὑπομείνασα
1065 1375 1148 1420 ὑπὲρ
1179 1377 1239 1410 τοῦ
1265 1376 1350 1412 ἰδίου
1375 1375 1495 1420 ἀνδρὸς

165 1435 379 1479 τελευτῆσαι,
406 1432 616 1479 ζΗρακλεόυς
646 1432 983 1478 ἐπιδημήσαντος-ἐν
1014 1435 1054 1476 τῇ
1082 1434 1249 1478 Θετταλίᾳ
1282 1432 1494 1480 διασῴζεται,

164 1493 374 1537 βιασαμένου
405 1492 482 1527 τοὺς
509 1491 663 1537 χθονίους
689 1491 785 1526 θεοὺς
811 1491 864 1525 καὶ
890 1490 1105 1535 ἀφελομένου
1132 1491 1191 1534 τὴν
1216 1493 1366 1537 γυναῖκα.
1416 1490 1494 1537 παρ’

166 1550 331 1596 οὐδετέρῳ
358 1551 460 1584 κεῖται
488 1549 505 1592 ἡ
532 1549 720 1593 μυθοποιία.
771 1550 808 1583 τὸ
837 1549 946 1593 δρᾶμα
974 1548 1112 1594 ἐποιήθη
1143 1548 1199 1591 ιζ’.
1252 1549 1414 1595 ἐδιδάχθη
1441 1550 1494 1585 ε’πὶ

213 1660 224 1679 1
261 1649 457 1691 Δικαιάρχου
482 1649 527 1680 L:
560 1660 623 1680 om.
649 1649 755 1679 VBP
905 1648 1154 1688 Argumentum
1181 1649 1273 1688 prius
1299 1655 1332 1680 et
1356 1648 1495 1679 alterius

166 1693 297 1723 initium
322 1703 429 1732 usque
455 1693 496 1723 ad
522 1693 687 1733 μυθοποιία
714 1698 805 1723 extat
831 1693 862 1722 in
891 1692 1037 1723 Seholiis
1065 1693 1147 1722 Plat.
1174 1692 1314 1723 Conviv.
1341 1702 1370 1731 p.
1403 1692 1494 1731 179b

166 1737 288 1777 [usque
308 1738 349 1767 ad
372 1736 570 1778 ἀφελομένου
592 1737 653 1775 τὴν
668 1739 805 1777 γυναῖκα
827 1736 926 1767 etiam
950 1736 982 1765 in
1004 1735 1327 1767 Pseudo-Eudociae
1346 1735 1494 1766 Violario

165 1791 195 1819 p.
212 1780 280 1820 21.]
328 1780 555 1811 Consentiunt
571 1779 720 1810 Eudocia
738 1785 771 1810 et
790 1780 903 1811 Schol.
918 1780 1000 1810 Plat.
1023 1790 1096 1810 cum
1111 1779 1150 1819 V,
1168 1790 1236 1810 uno
1254 1780 1328 1810 loco
1347 1784 1493 1818 excepto

166 1826 233 1864 (VV.
251 1826 280 1859 6,
300 1826 332 1862 7)
466 1833 485 1862 3
509 1824 566 1855 τὸν
584 1823 660 1865 ὑπὲρ
678 1825 791 1855 ἑαυτοῦ
809 1823 925 1856 ἑκόντα
940 1823 970 1852 V
983 1823 1010 1852 Β
1026 1834 1032 1853 :
1056 1823 1129 1855 τινὰ
1145 1825 1203 1855 τὸν
1221 1823 1296 1865 ὑπὲρ
1315 1825 1410 1855 αὐτοῦ
1428 1822 1455 1852 L
1468 1821 1494 1852 P

165 1878 183 1905 4
208 1870 265 1899 τοῦ
282 1867 442 1907 Ἀδμήτου
459 1877 523 1897 om.
542 1867 568 1897 L
581 1867 608 1897 P
772 1877 791 1906 5
814 1866 990 1908 μηδετέρου
1009 1867 1034 1896 L
1048 1866 1074 1896 P
1242 1868 1272 1905 6,
1292 1876 1308 1904 7
1334 1867 1494 1907 Ἡρακλῆς

164 1911 422 1952 παραγενόμενος
446 1910 549 1941 LPB
574 1910 687 1942 Schol.
714 1910 795 1941 Plat.
821 1916 854 1941 et
881 1911 1051 1942 Eudocia:
1080 1921 1142 1942 om.
1170 1910 1211 1947 V,
1236 1910 1292 1950 qui
1315 1920 1394 1940 mox
1417 1914 1493 1949 post

159 1954 343 1993 ’Ἄλκηστιν
371 1955 488 1986 inserit
517 1956 661 1996 ἐντυχὼν
690 1957 706 1986 ὁ
733 1955 876 1996 ἡρακλῆς
1049 1964 1087 1985 10
1121 1954 1252 1995 ἔδειξεν]
1287 1953 1493 1993 ἀποκαλύψας

165 1999 283 2038 ἔδειξεν
301 1999 327 2029 L
339 1998 364 2028 P

212 2084 250 2104 12
275 2075 382 2107 ἄλλως
401 2075 515 2106 Schol.
537 2075 618 2106 Plat.
639 2086 645 2105 :
671 2085 734 2105 om.
753 2074 850 2106 codd.
869 2078 902 2104 ct
920 2073 1078 2105 Eudocia.
1126 2073 1377 2115 Ἀριστοφάνους
1393 2086 1491 2114 ’γραμ-

164 2121 298 2156 ματικοῦ
316 2118 462 2151 ὑπόθεσις
480 2118 985 2158 suprascripsitWuestemann,
1006 2118 1135 2148 collatis
1151 2117 1290 2148 aliarum
1308 2117 1492 2147 fabularum

165 2163 371 2200 argumentis
387 2173 393 2200 ;
427 2173 493 2202 e.g.
516 2162 606 2193 Med.
623 2163 680 2194 Or.
702 2162 832 2192 Phoen.
939 2161 1133 2192 Secundum
1152 2166 1386 2199 argumentum
1403 2171 1446 2191 ex
1463 2160 1494 2189 V

166 2205 355 2244 descripsi:
388 2210 492 2236 totum
511 2216 575 2237 om.
597 2206 641 2243 L;
673 2215 799 2245 paucas
819 2215 924 2244 nugas
948 2205 1047 2236 habet
1068 2205 1110 2235 P:
1144 2204 1170 2234 B
1193 2205 1293 2235 habet
1312 2204 1493 2242 Ἄλκηστις

167 2271 174 2278 .
195 2272 202 2279 .
224 2272 231 2279 .
249 2251 388 2289 ’γυναῖκα
411 2254 445 2280 et
469 2250 488 2287 ἡ
512 2246 572 2289 μὲν
597 2250 700 2287 σκηνὴ
717 2273 723 2279 .
745 2273 751 2280 .
771 2274 778 2281 .
799 2248 984 2290 προλογίζει
1009 2251 1025 2280 ὁ
1050 2247 1220 2280 Ἀπόλλων
1246 2248 1315 2288 (εἰς’
1341 2258 1348 2285 ;
1380 2251 1492 2278 cetera

167 2292 289 2323 omisit.
338 2292 547 2324 Hauniensis
564 2297 669 2323 totum
688 2292 788 2323 habet
808 2292 872 2323 nisi
889 2303 917 2323 v.
942 2294 980 2323 16
996 2293 1033 2324 τὸ
1051 2294 1152 2333 δρᾶμα
1167 2314 1174 2323 .
1195 2314 1201 2322 .
1223 2315 1230 2322 .
1252 2291 1490 2333 καταστροφήν.

166 2335 205 2366 τὸ
222 2337 323 2377 δρᾶμα
341 2357 347 2366 ,
366 2356 374 2365 .
393 2357 399 2365 .
421 2335 460 2375 ιζ’
476 2345 544 2366 non
562 2335 772 2374 intellegitur
