1683 2732
701 71 951 108 ΜΗΔΕΙΑ

168 178 239 228 Κρ.
271 175 359 229 τάχ’
385 174 431 226 ἐξ
452 176 608 216 ὀπαδῶν
632 173 764 227 χειρὸς
789 172 955 229 ὠσθήσῃ
981 175 1065 227 βίᾳ.
1434 191 1492 222 335

169 245 249 292 Μη.
267 242 318 293 μὴ
345 245 442 293 δῆτα
464 241 579 282 τοῦτό
603 240 653 293 γ’,
680 238 786 280 ἀλλά
813 239 850 279 σ’
877 241 1069 291 αἰτοῦμαι,
1099 240 1226 293 Κρέον
1251 272 1261 282 .
1288 273 1296 282 ,

169 311 239 360 Κρ.
271 311 397 362 ὄχλον
421 307 613 360 παρέξεις,
642 306 693 348 ὡς
717 306 859 353 ἔοικας,
887 305 916 347 ὦ
942 308 1068 360 γύναι.

168 378 250 425 Μη.
268 374 514 428 φευξούμεθ’·
551 374 597 414 οὐ
619 372 726 414 τοῦθ’
752 373 934 415 ἱκέτευσα
958 377 1032 413 σοῦ
1058 378 1204 428 τυχεῖν.

168 444 239 493 Κρ.
269 443 308 482 τί
328 442 391 482 δαὶ
414 440 534 497 βιάζῃ
560 440 652 481 κούκ
676 440 923 497 ἆπαλλάσσῃ
947 441 1082 495 χερός;

167 511 249 559 Μη.
266 510 359 559 μίαν
382 525 430 559 με
452 511 582 559 μεῖναι
605 506 711 557 τήνδ’
736 507 859 548 ἔασον
882 506 1030 559 ἡμέραν
1434 524 1496 554 340

268 575 330 615 καὶ
355 572 596 627 ξυμπερᾶναι
620 574 797 626 φροντίδ’
821 573 847 630 ᾗ
871 573 1133 627 φευξούμεθα,

268 641 406 682 παισίν
429 640 462 681 τ’
489 640 671 693 ἀφορμὴν
696 644 777 682 τοῖς
805 642 924 691 ἐμοῖς,
953 642 1038 682 ε’πεὶ
1062 640 1188 692 πατὴρ

266 707 378 748 οὐδὲν
402 708 572 762 προτιμᾷ
595 706 908 759 μηχανήσασθαι
932 706 1093 748 τέκνοις.

266 775 411 825 οἴκτιρε
436 773 469 814 δ’
495 773 645 815 αὐτούς·
684 773 748 813 καὶ
773 773 825 812 σύ
848 790 908 814 τοι
935 774 1084 814 παίδων
1109 773 1236 825 πατὴρ

267 840 456 892 πέφυκας·
495 839 597 881 εἰκὸς
621 839 653 879 δ’
679 840 789 880 ἐστὶν
815 839 970 880 εὔνοιάν
996 839 1035 879 σ’
1061 839 1180 892 ἔχειν.
1434 855 1493 885 345

266 906 410 957 τούμοῦ
434 907 509 959 γὰρ
533 906 578 946 οὔ
601 922 667 956 μοι
691 907 866 958 φροντίς,
895 907 928 946 εἶ
952 904 1212 958 φευξούμεθα,

269 973 416 1014 κείνους
441 974 484 1012 δὲ
510 973 632 1013 κλαίω
660 973 846 1026 συμφορᾷ
871 972 1143 1026 κεχρημένους.

170 1042 239 1092 Κρ.
270 1039 414 1089 ἥκιστα
436 1038 580 1089 τούμὸν
604 1037 695 1089 λῆμ’
721 1038 798 1090 ἔφυ
823 1039 1061 1090 τυραννικόν,

267 1106 494 1155 αἰδούμενος
519 1107 562 1145 δὲ
587 1106 721 1145 πολλὰ
746 1104 790 1155 δὴ
817 1104 1020 1157 διέφθορα·

268 1172 330 1212 καὶ
355 1175 424 1212 νῦν
447 1172 522 1224 ὁρῶ
548 1173 620 1223 μὲν
643 1169 934 1223 ἐξαμαρτάνων,
959 1172 1085 1224 γύναι,
1429 1185 1493 1216 350

267 1239 372 1289 ὅμως
395 1240 438 1279 δὲ
461 1237 576 1294 τεύξῃ
602 1241 726 1279 τοῦδε·
764 1237 992 1290 προυννέπω
1018 1238 1060 1278 δέ
1085 1255 1161 1284 σοι,

267 1305 305 1346 εἴ
326 1304 366 1344 ο·’
389 1304 412 1355 ἡ
439 1303 599 1345 ’πιοῦσα
622 1306 781 1355 λαμπὰς
807 1306 951 1356 ὄψεται
977 1307 1067 1345 θεοῦ

264 1372 327 1412 καὶ
351 1373 491 1413 παῖδας
516 1370 626 1412 ἐντὸς
649 1373 771 1421 τῆσδε
795 1372 994 1423 τερμόνων
1017 1371 1175 1424 χθονός,

266 1440 379 1495 θανῇ·
418 1437 604 1478 λέλεκται
628 1440 749 1489 μῦθος
774 1437 951 1489 ἀψευδὴς
975 1438 1053 1478 ὅδε.

265 1507 334 1545 νῦν
360 1504 405 1551 δ’,
434 1505 467 1545 εἶ
489 1504 623 1556 μένειν
649 1507 719 1550 δεῖ,
745 1503 853 1555 μίμν’
879 1503 944 1556 ἐφ’
969 1503 1116 1556 ἡμέραν
1140 1504 1245 1554 μίαν·
1430 1517 1491 1548 355

265 1571 310 1611 οὐ
334 1570 409 1623 γάρ
433 1587 470 1611 τι
495 1570 655 1623 δράσεις
679 1569 810 1612 δεινὸν
833 1571 888 1611 ὧν
913 1571 1045 1623 φόβος
1068 1570 1107 1622 μ’
1133 1570 1229 1624 ἔχει.

166 1639 238 1678 Xo.
263 1634 447 1688 [δύστανε
471 1634 615 1689 γύναι,]

266 1707 342 1756 φεῦ
368 1707 457 1756 φεῦ,
483 1703 608 1755 μελέα
631 1707 709 1745 τῶν
735 1708 817 1744 σῶν
842 1703 984 1757 ἀχέων.

265 1773 335 1810 ποῖ
357 1787 451 1811 ποτε
475 1769 624 1826 τρέψῃ,·
661 1771 749 1811 τίνα
773 1770 869 1823 πρὸς
893 1769 1045 1821 ξενίαν,-

264 1835 288 1886 ἦ
312 1837 430 1887 δόμον
454 1833 478 1887 ἢ
503 1837 628 1889 χθόνα
652 1839 811 1889 σωτῆρα
836 1841 962 1877 κακῶν
1428 1840 1490 1880 360

208 1937 271 1967 335
296 1928 426 1970 ὠσθήσῃ
442 1927 474 1958 Α
488 1928 535 1959 L:
562 1928 669 1970 ὠθήσῃ
686 1928 755 1958 VB
771 1929 797 1959 P
884 1938 948 1968 339
972 1930 1021 1961 δαὶ
1042 1928 1216 1960 Housman
1233 1939 1240 1958 ε
1264 1928 1303 1966 δὴ
1318 1927 1468 1967 Elmsley
1483 1939 1490 1958 :

165 1971 411 2003 6’a13AVLB:
428 1972 455 2003 δ’
470 1971 525 2003 οὖν
538 1971 572 2002 Ρ.
614 1972 665 2002 Cf.
676 1983 706 2002 v.
721 1982 805 2003 1012
893 1972 989 2014 χερός
998 1972 1245 2003 Wilamowitz:
1262 1971 1377 2012 χθονός
1390 1973 1485 2002 codd.

164 2024 226 2053 342
252 2029 289 2046 τε
306 2016 433 2056 φορβὴν
447 2028 499 2056 γρ.
520 2015 548 2045 Β
667 2024 731 2054 345
756 2016 840 2048 εἰκὸς
857 2016 893 2048 δέ
909 2023 986 2056 σφιν
1002 2016 1113 2046 Vitelli
1228 2024 1289 2054 351
1318 2015 1385 2055 σοι]
1405 2028 1443 2047 σε
1459 2015 1489 2045 Α

163 2067 226 2096 354
261 2058 355 2100 θανῇ]
381 2062 455 2090 Bau*
479 2059 524 2089 L:
557 2068 641 2089 corr.
668 2059 681 2088 l
836 2068 909 2098 355,
935 2060 999 2098 356
1030 2060 1129 2089 eiecit
1155 2058 1283 2095 Nauck,
1309 2058 1486 2089 immerito.

163 2101 372 2140 Transponit
394 2101 582 2140 Housman,
601 2102 672 2132 sict
696 2102 740 2142 μὴ
756 2102 818 2145 γάρ
834 2117 866 2134 τι
890 2103 1017 2144 δράσῃς,
1038 2104 1142 2134 δεινὸν
1163 2104 1202 2134 ὡς
1225 2109 1258 2142 φ.
1278 2100 1309 2142 μ’
1329 2102 1408 2142 ἔχει’
1435 2104 1489 2134 νῦν

163 2144 192 2176 δ’
210 2150 305 2175 κ.τ.λ.
417 2146 481 2184 356
505 2145 585 2175 Post
602 2145 632 2176 h.
647 2155 676 2175 v.
694 2152 788 2177 erant
806 2146 861 2185 qui
880 2156 908 2177 v.
926 2147 990 2184 380
1006 2146 1165 2185 legebant
1183 2147 1276 2187 (σιγῇ
1294 2169 1300 2175 .
1322 2170 1329 2177 .
1348 2169 1355 2176 .
1372 2145 1486 2185 λέχος)

164 2187 361 2218 Histriones
389 2188 422 2218 in
452 2198 493 2218 eo
522 2198 681 2227 peccasse
709 2190 789 2220 dicit
820 2190 984 2228 Didymus
1011 2200 1063 2228 ap.
1089 2193 1124 2221 Σ.
1179 2189 1229 2219 Cf.
1257 2199 1290 2220 n.
1318 2189 1359 2219 ad
1387 2199 1418 2221 v.
1446 2198 1484 2227 41

162 2231 304 2272 δράσεις]
323 2230 452 2272 δράσαις
466 2231 498 2262 V
510 2231 538 2262 B
662 2242 726 2272 357
751 2233 889 2266 δύστανε
903 2234 997 2275 γύναι
1013 2244 1076 2266 om.
1099 2235 1124 2264 L
1136 2234 1162 2265 P
1176 2234 1205 2265 D
1322 2245 1387 2274 359
1410 2237 1486 2277 πρὸς

162 2275 266 2314 ξενίαν
282 2274 352 2304 AV
366 2275 390 2304 L
404 2275 433 2304 D
450 2280 483 2305 et
502 2275 654 2314 primitus
672 2276 699 2306 Β
718 2287 726 2307 2
755 2278 920 2319 προξενίαν
938 2278 965 2308 Ρ
977 2277 1017 2308 Βι
1035 2282 1069 2308 et
1086 2278 1148 2312 ΣΒ
1324 2281 1389 2319 360
1412 2278 1447 2320 ἦ]
1466 2280 1485 2317 ἢ

163 2321 259 2352 codd.
348 2318 451 2357 δόμων
469 2318 495 2348 L
507 2319 533 2348 P
548 2329 554 2348 :
578 2329 664 2351 corr.
683 2319 697 2349 l
