1651 2780
626 94 972 132 ΕΎῬΙΠΙΔΟὙ

237 198 343 250 κάγὼ
370 199 443 250 γὰρ
470 195 493 247 ἦ
519 197 619 242 ποτ’,
649 198 755 237 ἀλλὰ
781 200 849 236 νῦν
875 197 942 236 οὐκ
968 195 1041 247 εἴμ’
1068 197 1139 241 ἔτι,

233 264 302 304 τὸν
328 263 457 304 πάντα
483 263 516 303 δ’
544 265 674 314 ὄλβον
700 262 802 315 ἦμαρ
827 263 869 304 ἕν
894 262 933 314 μ’
960 263 1162 315 ἀφείλετο.
1401 267 1463 306 285

234 330 340 376 ἀλλ’,
371 328 400 370 ὦ
428 332 551 383 φίλον
576 330 745 383 γένειον,
774 329 984 380 αἰδέσθητί
1004 346 1065 380 με,

235 399 416 449 οἴκτιρον·
458 398 588 437 ἐλθὼν
613 396 646 436 δ’
674 399 728 438 εἰς
753 396 957 450 Ἀχαιικὸν
983 395 1154 448 στρατὸν

235 465 531 516 παρηγόρησον,
562 464 613 506 ὡς
639 465 885 504 ἀποκτείνειν
910 464 1060 515 φθόνος

236 535 433 583 γυναῖκας,
461 531 506 571 ’ὰς
532 530 577 570 τὸ
604 534 760 582 πρῶτον
786 530 853 570 οὐκ
880 531 1074 570 ἐκτείνατε

236 601 384 649 ,Βωμῶν
411 596 741 644 ἀποσπάσαντες,
770 596 862 638 ἀλλ’
888 597 1086 652 ᾠκτίρατε.
1405 608 1468 641 290

238 665 356 715 νόμος
383 664 415 703 δ’
444 665 486 704 ἐν
511 666 601 715 ὑμῖν
628 668 711 706 τοῖς
735 664 768 704 τ’
793 663 1013 716 ἐλευθέροις
1038 666 1124 705 ἴσος

240 732 301 771 καὶ
326 735 432 771 τοῖσι
458 731 617 772 δούλοις
645 732 810 782 αἵματος
836 734 959 771 κεῖται
983 731 1084 783 πέρι.

237 798 282 838 τὸ
308 798 339 838 δ’
365 796 529 849 ἀξίωμα,
561 797 631 838 κᾶν
661 802 786 839 κακῶς
811 797 924 853 λέγῃ,
951 797 996 837 τὸ
1023 797 1096 838 σὸν

239 867 383 906 πείσει·
420 865 542 917 λόγος
568 866 646 917 γὰρ
673 865 715 905 ἔκ
739 864 773 905 τ’
799 863 1043 915 ἀδοξούντων
1069 865 1138 906 ἰὼν

240 933 312 972 κάκ
336 935 414 971 τῶν
439 931 663 971 δοκούντων
688 931 804 973 αὐτὸς
829 931 872 970 οὐ
896 930 1038 972 ταύτὸν
1064 930 1209 971 σθένει.
1411 942 1471 975 295

139 1002 211 1039 Xo.
239 998 306 1038 οὐκ
331 998 441 1038 ἔστιν
468 999 568 1038 οὕτω
599 997 764 1050 στερρὸς
789 998 994 1050 ἀνθρώπου
1021 998 1153 1049 φύσις,

240 1066 324 1116 ἥτις
350 1066 455 1118 γόων
482 1068 565 1105 σῶν
597 1065 659 1105 καὶ
684 1069 843 1117 μακρῶν
867 1064 1093 1116 ὀδυρμάτων

243 1133 419 1173 κλύουσα
445 1130 614 1183 θρήνους
640 1131 708 1172 οὐκ
733 1131 780 1172 ἂν
807 1131 976 1183 ἐκβάλοι
1001 1131 1131 1183 δάκρυ.

142 1202 214 1240 Οδ.
240 1199 409 1251 Ἑκάβη,
439 1197 644 1245 διδάσκου,
671 1201 769 1250 μηδὲ
794 1203 847 1254 τῷ
873 1198 1100 1253 θυμουμένῳ

242 1267 310 1307 τὸν
337 1266 378 1306 εὖ
403 1265 578 1318 λέγοντα
607 1268 778 1317 δυσμενῆ
806 1269 918 1307 ποιοῦ
943 1267 1101 1319 φρενός.
1413 1276 1490 1309 300.

243 1334 321 1386 ἐγὼ
346 1333 390 1373 τὸ
415 1335 486 1384 μὲν
514 1333 588 1373 σὸν
619 1333 718 1384 σῶμ’
743 1332 811 1385 ὑφ’
837 1333 955 1384 οὗπερ
978 1332 1170 1386 ,εὐτύχουν

245 1398 386 1455 σῴζειν
412 1400 569 1451 ἕτοιμός
599 1401 677 1450 εἰμι
703 1400 793 1441 κούκ
818 1399 952 1442 ἄλλως
977 1399 1097 1452 λέγω·

244 1468 268 1507 ἆ
293 1467 325 1506 δ’
353 1467 463 1508 εἶπον
490 1468 544 1508 εἰς
575 1466 751 1510 ἅπαντας
777 1468 844 1508 οὐκ
871 1465 1105 1519 ἀρνήσομαι,

243 1535 387 1586 Τροίας
413 1533 594 1584 ἁλούσης
619 1535 730 1586 ἀνδρὶ
755 1538 807 1588 τῷ
833 1534 971 1588 πρώτῳ
998 1537 1169 1587 στρατοῦ

246 1601 322 1651 σὴν
347 1604 467 1642 παῖδα
493 1603 629 1641 δοῦναι
657 1600 832 1653 σφάγιον
858 1600 1129 1655 ἐξαιτουμένῳ.
1419 1610 1478 1642 305

247 1670 289 1708 ἐν
313 1670 411 1723 τῷδε
437 1669 512 1720 γὰρ
543 1666 758 1718 κάμνουσιν
785 1670 824 1708 αἱ
849 1668 999 1707 πολλαὶ
1025 1668 1174 1713 πόλεις,

246 1736 340 1775 ὅταν
365 1752 423 1776 τις
450 1734 596 1776 ἐσθλὸς
627 1735 690 1774 καὶ
715 1735 912 1786 πρόθυμος
937 1733 990 1774 ὢν
1016 1734 1113 1786 ἀνὴρ

246 1804 367 1853 μηδὲν
393 1801 562 1854 φέρηται
588 1805 666 1842 τῶν
696 1802 884 1841 κακιόνων
910 1800 1048 1841 πλέον.

246 1869 339 1920 ἡμῖν
365 1868 397 1908 δ’
423 1867 640 1922 Ἀχιλλεὺς
666 1867 775 1918 ἄξιος
799 1870 923 1918 τιμῆς,
951 1868 1078 1919 γύναι,

249 1936 378 1977 θανὼν
403 1937 500 1987 ὑπὲρ
527 1937 599 1988 γῆς
627 1934 825 1976 Ἑλλάδος
852 1934 1036 1974 κάλλιστ’
1063 1934 1175 1987 ἀνήρ.
1344 1924 1346 1926 V
1422 1945 1483 1976 3¹0

193 2030 255 2067 284
291 2028 331 2067 ἣν
357 2029 454 2060 codd.
615 2030 676 2066 287
712 2029 847 2069 ἀχαϊκὸν
873 2027 968 2057 codd.
1024 2026 1075 2056 Cf.
1104 2015 1178 2065 5¹10.
1240 2026 1319 2056 Non
1348 2028 1485 2056 notatur

149 2073 292 2112 amplius
439 2083 502 2111 292
528 2075 596 2105 τοῖς
615 2072 647 2102 Μ
665 2073 712 2103 L:
737 2074 804 2104 τοῖς
819 2084 859 2112 γε
878 2070 904 2101 Ρ
1047 2080 1111 2109 293
1135 2069 1220 2112 λέγῃ
1238 2069 1333 2100 codd.
1356 2068 1409 2102 (τὸ
1427 2069 1485 2100 σὺν

150 2116 234 2158 λέγῃ
258 2116 304 2155 A)
331 2120 364 2146 et
391 2121 434 2149 Σ;
470 2116 571 2147 etiam
599 2116 691 2147 Stob.
722 2125 772 2154 45.
801 2115 821 2144 6
845 2119 877 2145 et
902 2114 1031 2144 Gellius
1055 2114 1098 2144 xi.
1130 2125 1169 2152 4:
1205 2112 1306 2155 λέγῃς
1332 2112 1484 2142 Muretus

151 2170 214 2199 294
238 2160 337 2191 πείθει
352 2159 423 2189 AV
436 2160 466 2190 O
488 2172 494 2190 ε
512 2163 585 2202 νικᾷ
600 2160 730 2190 Gellius
746 2159 862 2196 (πείσει
877 2163 900 2191 Σ
914 2162 948 2188 et
967 2157 1058 2187 Stob.
1081 2162 1114 2187 et
1130 2170 1182 2198 γρ.
1200 2156 1257 2191 V²js
1270 2162 1277 2167 ‘
1342 2155 1439 2196 λόγος
1456 2155 1484 2186 δ’

154 2205 189 2235 ἐκ
205 2206 269 2234 τῶν
287 2202 434 2243 Blaydes
554 2214 617 2242 295
642 2204 742 2235 ὡύτὸς
760 2202 786 2232 Ρ
803 2213 809 2231 :
835 2203 929 2233 αὐτὸς
948 2201 1019 2232 rell.
1134 2202 1198 2240 296
1222 2199 1292 2240 οὐκ]
1312 2199 1360 2231 τίς
1378 2199 1480 2236 Greg.

153 2247 230 2277 Cor.
249 2256 279 2285 p.
297 2248 339 2285 64
435 2248 604 2288 ἀνθρώπων
621 2246 652 2276 Α
773 2255 834 2283 297
857 2245 953 2286 γόους
972 2246 1045 2276 σοὺς
1061 2244 1243 2275 Ἦερῌείη
1264 2242 1389 2280 (malim
1407 2241 1485 2282 γόον

155 2290 229 2327 obv)
366 2301 431 2330 300
455 2290 569 2331 φρενός
587 2295 611 2323 Σ
629 2294 663 2320 ut
681 2289 747 2321 vid.
769 2290 830 2330 (τῷ
847 2287 1029 2328 θυμουμένῳ
1046 2287 1134 2328 μέρει
1152 2288 1211 2324 τῆς
1228 2288 1347 2326 ψυχῆς)
1363 2296 1369 2315 t
1395 2285 1484 2326 φρενὶ

155 2334 251 2365 codd.
271 2338 303 2364 et
324 2339 347 2367 Σ
366 2344 486 2365 recens
