1651 2780
646 110 996 148 ΕΎΡῘΠΙΔΟΎ

158 218 226 256 Κυ.
253 213 411 256 πάντων
437 214 475 254 σ’
503 215 666 267 ἑταίρων
692 215 859 267 ὕστερον
885 215 1132 266 θοινάσομαι.
1421 229 1484 260 550

156 286 214 322 Σι.
254 283 377 322 καλόν
403 299 447 334 γε
473 282 517 322 τὸ
543 281 660 334 γέρας
686 285 738 336 τῷ
764 281 862 337 ξένῳ
890 283 1016 328 δίδως,
1046 283 1237 334 Κύκλωψ.

157 352 227 389 Κυ.
255 348 379 395 οὗτος,
405 350 446 389 τί
467 352 578 404 δρᾷς,·
615 348 684 389 τὸν
709 348 817 389 οἶνον
844 350 1012 390 ἐκπίνεις
1036 349 1183 402 λάθρᾳ;

157 419 216 456 Σι.
253 416 333 461 οὔκ,
360 415 452 456 ἀλλ’
479 415 538 466 ἔμ’
564 415 677 457 οὗτος
703 415 854 462 ἕκυσεν,
881 417 941 456 ὅτι
968 415 1090 456 καλὸν
1115 415 1270 467 βλέπω.

158 485 227 522 Κυ.
256 482 420 538 κλαύσῃ,
450 486 581 535 φιλῶν
607 482 677 522 τὸν
704 482 811 523 οἶνον
835 482 879 522 οὐ
905 482 1098 535 φιλοῦντα
1124 499 1184 522 σε.

156 552 214 589 Σι.
253 550 316 589 ναὶ
340 550 394 600 μὰ
423 548 505 595 Δί’,
535 549 623 589 ἐπεί
645 548 720 600 μού
744 549 844 601 φησ’
871 551 963 602 ἐρᾶν
989 551 1101 591 ὄντος
1126 553 1259 589 καλοῦ.
1422 563 1485 594 555

158 619 227 656 Κυ.
254 616 377 669 ἔγχει,
405 615 538 656 πλέων
564 617 606 656 δὲ
631 615 700 656 τὸν
727 616 894 669 σκύφον.
966 617 1071 657 δίδου
1095 617 1229 667 μόνον.

157 685 215 722 Σι.
246 685 327 723 πῶς
353 682 420 722 οὖν
448 682 648 734 κέκραται,·
688 681 786 735 φέρε
812 683 1132 735 διασκεψώμεθα.

158 752 228 790 Κυ.
256 750 431 791 ἀπολεῖς·
469 748 535 791 δὸς
565 750 700 791 οὕτως.
840 753 897 790 Σι.
969 750 1032 790 ναὶ
1060 752 1115 801 μὰ
1147 749 1216 790 Δί’
1243 749 1287 790 οὐ
1317 751 1408 803 πρὶν
1438 750 1486 792 ἄν

422 815 470 868 γέ
495 833 542 857 σε

258 882 461 935 στέφανον
487 885 556 924 ἴδω
581 884 766 935 λαβόντα
791 883 996 936 γεύσωμαί
1019 883 1052 924 τ’
1079 884 1135 924 ἔτι
1163 916 1170 924 .
1200 916 1206 924 .
1237 916 1243 924 .

158 953 225 992 Κυ.
254 947 282 990 ὦ
309 951 491 1003 οἰνοχόος
518 950 660 993 ἄδικος.
800 954 856 991 Σι.
933 948 1012 1003 <οὐ>
1031 953 1084 1002 μὰ
1111 950 1194 997 Δί’,
1215 950 1306 991 ἀλλ’
1327 949 1355 992 ὦ
1381 950 1487 993 οἶνος

422 1017 580 1070 γλυκύς.
1424 1021 1488 1062 560

257 1082 501 1135 ἀπομυκτέον
527 1084 571 1125 δέ
597 1085 666 1125 σοί
689 1085 798 1125 ἐστιν
825 1084 876 1126 ὡς
900 1083 1016 1140 λήψῃ
1040 1088 1156 1125 πιεῖν.

157 1154 228 1192 Κυ.
256 1151 349 1197 ἰδού,
378 1151 549 1203 καθαρὸν
572 1151 617 1192 τὸ
642 1155 779 1205 χεῖλος
804 1153 843 1192 αἱ
868 1152 1001 1205 τρίχες
1025 1151 1069 1192 τέ
1091 1168 1177 1202 μου.

157 1222 214 1259 Σι.
254 1218 319 1260 θές
344 1235 412 1259 νυν
437 1218 505 1259 τὸν
531 1218 676 1271 ἀγκῶν’
703 1218 911 1271 εὐρύθμως,
940 1217 1021 1272 κᾷτ’
1047 1218 1168 1264 ἕκπιε,

256 1286 390 1337 ὥσπερ
415 1285 454 1336 μ’
481 1287 572 1341 ὁρᾷς
598 1285 989 1338 πίνοντα--χῶσπερ
1014 1284 1083 1325 οὐκ
1109 1284 1188 1336 ἐμέ.

158 1356 228 1393 Κυ.
256 1353 279 1392 ἆ
305 1353 341 1398 ἆ,
367 1354 407 1393 τί
429 1352 607 1404 δράσεις;
747 1356 806 1392 Σι.
878 1351 1002 1402 ἡδέως
1025 1352 1240 1402 ἠμύστισα.
1424 1354 1486 1394 565

158 1422 228 1460 Κυ.
253 1419 366 1470 λάβ’,
394 1417 422 1459 ὦ
471 1419 540 1465 ἐν’,
570 1419 685 1461 αὐτὸς
711 1420 893 1472 οἰνοχόος
916 1418 958 1459 τέ
982 1436 1048 1469 μοι
1072 1422 1201 1471 γενοῦ.

157 1489 230 1526 Οδ.
257 1486 522 1539 γιγνώσκεται
548 1489 643 1538 γοῦν
670 1486 692 1536 ἡ
718 1485 896 1537 ἄμπελος
921 1485 1024 1542 τήμῇ
1048 1486 1148 1539 χερί.

158 1556 228 1593 Κυ.
255 1551 344 1606 φέρ’
370 1552 511 1606 ἕγχεόν
537 1570 616 1594 νυν.
758 1556 829 1593 Οδ.
905 1552 1046 1606 ἐγχέω,
1074 1553 1171 1604 σίγα
1194 1551 1328 1603 μόνον.

158 1623 227 1660 Κυ.
254 1619 431 1672 χαλεπὸν
456 1619 536 1659 τόδ’
564 1619 689 1665 εἶπας,
717 1620 827 1661 ὅστις
852 1619 900 1660 ἂν
925 1621 1018 1675 πίνῃ
1044 1619 1183 1660 πολύν.

157 1689 228 1727 Οδ.
256 1686 338 1727 ἰδοὺ
363 1687 504 1737 λαβὼν
531 1686 662 1727 ἔκπιθι
687 1687 748 1726 καὶ
772 1688 893 1737 μηδὲν
917 1687 1048 1743 λίπῃς.
1423 1697 1487 1728 570

257 1756 513 1794 συνεκθανεῖν
540 1755 581 1794 δὲ
608 1757 772 1794 σπῶντα
797 1753 872 1806 χρὴ
899 1757 951 1808 τῷ
977 1754 1144 1804 πώματι.

158 1823 227 1860 Κυ.
254 1824 392 1865 παπαῖ,
421 1820 552 1872 σοφόν
578 1837 623 1873 γε
649 1820 694 1860 τὸ
719 1819 839 1870 ξύλον
863 1823 933 1871 τῆς
958 1820 1150 1871 ἀμπέλου.

156 1890 227 1927 Οδ.
256 1886 327 1927 κᾶν
351 1889 422 1937 μὲν
449 1886 611 1943 σπάσῃς
638 1905 683 1940 γε
709 1887 808 1927 δαιτὶ
833 1887 930 1939 πρὸς
955 1893 1087 1945 πολλῇ
1112 1887 1252 1934 πολύν,

255 1952 397 2006 τέγξας
424 1954 569 2006 ἄδιψον
597 1954 727 2005 νηδύν,
756 1955 810 1996 εἰς
833 1955 954 1995 ὕπνον
979 1958 1113 2005 βαλεῖ,

198 2056 263 2085 550
286 2048 428 2079 ὕστατον
447 2046 624 2078 Hermann
754 2057 813 2085 551
842 2051 886 2080 Σι.
910 2047 1074 2085 Lenting:
1101 2046 1136 2078 ὀδ
1155 2045 1220 2076 LP
1338 2055 1402 2084 553
1419 2045 1483 2086 Σι.]

156 2098 212 2122 σιλ
235 2100 278 2120 ex
301 2091 337 2122 ὂδ
359 2100 442 2122 corr.
467 2091 492 2120 L
669 2100 730 2129 555
757 2091 824 2122 ἐπεὶ
842 2089 922 2132 (οὔ)
940 2103 1000 2129 μου
1022 2089 1085 2132 φῄς
1101 2088 1203 2131 <σφ’>
1221 2091 1296 2130 ἐρᾶν
1313 2088 1485 2120 Wieseler

155 2144 220 2173 559
243 2134 274 2165 τ’
294 2134 355 2174 ἔτι]
374 2134 414 2166 τέ
428 2148 460 2166 τι
482 2134 601 2165 Nauck
757 2135 822 2173 560
846 2134 868 2165 a]
887 2133 1034 2173 οἰνοχόος
1056 2134 1116 2163 sed
1141 2132 1218 2173 ᾧνος
1239 2132 1301 2162 LP
1319 2132 1410 2171 (ὦμος
1429 2132 1481 2171 P).

156 2177 264 2216 Vulgo
299 2177 438 2218 ᾠνοχόος
473 2183 505 2208 et
540 2176 617 2218 ᾧνος
729 2179 763 2209 οὐ
796 2178 872 2208 add.
902 2176 1098 2207 Hermann:
1134 2174 1229 2217 (ναὶ)
1256 2176 1330 2207 add.
1357 2175 1483 2207 Aldina

156 2222 216 2259 561
255 2221 456 2261 ἀπομυκτέον
488 2221 553 2251 LP
587 2221 795 2261 (ἀπομικτέον
827 2221 853 2250 Ρ
885 2232 892 2251 t
928 2219 1133 2259 ἀπομακτέον
1164 2220 1273 2250 Cobet
1430 2220 1483 2251 σοι’

157 2267 248 2296 ἐστιν
275 2266 315 2296 ὡς
339 2264 569 2295 Wilamowitz
598 2275 639 2295 ex
665 2264 691 2294 L
715 2264 771 2303 qui
797 2276 933 2295 erotwma*
960 2265 1000 2296 ὡς
1025 2263 1146 2294 habet:
1183 2263 1235 2294 σοί
1260 2262 1293 2304 γ’
1323 2264 1405 2294 ὅπως
1433 2262 1482 2292 lP

156 2309 221 2346 566
252 2308 329 2345 λάβ’
347 2308 370 2339 ὦ
398 2332 405 2339 .
433 2332 439 2338 .
471 2332 477 2338 .
497 2308 535 2339 τέ
555 2321 608 2347 μοι
629 2310 726 2348 ’γενοῦ
746 2307 899 2338 Dobree:
924 2308 1038 2344 λαβὼν
1060 2330 1068 2338 .
1096 2331 1103 2337 .
1134 2331 1140 2338 .
1164 2306 1207 2347 ’γε’
1225 2320 1286 2346 μου
1301 2308 1398 2347 γενοῦ
1417 2305 1482 2336 LP

156 2360 217 2390 571
246 2354 379 2384 σπῶντα
397 2351 596 2382 casaubon:
624 2354 768 2392 σιγῶντα
785 2351 809 2381 L
823 2351 849 2381 P
953 2361 1016 2390 573
1041 2350 1168 2393 σπείσῃς
1188 2350 1344 2380 Dobree:
1371 2348 1480 2391 σπάσῃ

159 2395 184 2424 L
198 2395 224 2425 P
359 2405 420 2433 574
447 2398 547 2432 βαλεῖ
561 2394 741 2434 Musgrave
755 2406 761 2425 2
787 2397 901 2431 βαλεῖς
920 2394 945 2424 L
960 2394 985 2424 P
