1651 2780
624 125 976 162 ΕΎΡΙΠΙΔΟΎ

229 227 396 280 τροπαῖά
421 228 454 268 τ’
480 229 632 281 ἐχθρῶν
659 228 721 268 καὶ
746 228 861 268 πόλει
890 227 1077 280 σωτήρια,
1396 244 1460 274 40²

230 297 484 346 θυηπολεῖται
510 295 541 335 δ’
568 294 667 335 ἄστυ
692 294 870 346 μάντεων
895 296 983 336 ὕπο.
1399 311 1458 341 401

228 366 422 416 χρησμῶν
447 361 479 402 δ’
505 362 660 403 ἀοιδοὺς
686 361 836 404 πάντας
862 363 916 404 εἰς
942 363 984 403 ἓν
1009 364 1155 404 ἁλίσας

229 427 383 481 ἤλεγξα
408 430 470 469 καὶ
495 428 662 480 βέβηλα
690 428 752 468 καὶ
779 428 1023 481 κεκρυμμένα

229 496 348 548 λόγια
373 495 535 542 παλαιά,
562 498 654 552 τῇδε
678 501 729 552 γῇ
758 494 946 546 σωτήρια.
1400 510 1463 540 405

231 563 293 602 καὶ
318 566 396 603 τῶν
420 564 492 613 μὲν
516 561 651 602 ἄλλων
678 561 834 614 διάφορ’
861 563 946 602 ἐστὶ
972 561 1190 615 θεσφάτοις

231 629 364 670 πόλλ’·
403 629 445 669 ἓν
469 631 511 670 δὲ
535 632 637 670 πᾶσι
662 632 801 681 γνῶμα
825 628 965 670 ταύτὸν
992 629 1195 682 ἐμπρέπει·

233 695 387 749 σφάξαι
415 696 648 737 κελεύουσίν
673 713 721 747 με
747 696 945 748 παρθένον
972 697 1081 753 Κόρῃ

235 762 457 815 Δήμητρος,
484 763 568 813 ἥτις
595 763 682 803 ἐστὶ
708 763 854 814 πατρὸς
880 762 1073 815 εὐγενοῦς.

300 830 377 882 ἐγὼ
403 829 435 870 δ’
461 829 541 883 ἔχω
567 829 652 880 μέν,
681 829 732 871 ὡς
758 830 862 884 ὁρᾷς,
891 831 1109 881 προθυμίαν
1407 844 1467 874 4¹0

232 895 393 947 τοσήνδ’
419 897 458 938 ἐς
483 897 594 947 ὑμᾶς·
633 899 755 936 παῖδα
781 895 813 936 δ’
839 896 919 936 οὔτ’
946 896 1041 947 ἐμὴν
1067 900 1189 938 κτενῶ

234 963 314 1004 οὔτ’
340 963 468 1004 ἄλλον
492 963 625 1003 ἀστῶν
652 966 730 1003 τῶν
756 963 861 1013 ἐμῶν
887 962 1102 1015 ἀναγκάσω

234 1029 381 1070 ἄκονθ’·
421 1030 519 1070 ἑκὼν
544 1031 585 1070 δὲ
611 1029 670 1071 τίς
697 1032 822 1071 κακῶς
849 1030 947 1069 οὕτω
974 1033 1126 1082 φρονεῖ,

236 1098 347 1139 ὅστις
371 1098 419 1137 τὰ
445 1095 606 1149 φίλτατ’
632 1096 675 1136 ἐκ
701 1099 830 1150 χερῶν
856 1096 976 1137 δώσει
1000 1096 1138 1144 τέκνα;

236 1165 299 1205 καὶ
323 1167 392 1204 νῦν
418 1165 557 1216 πικρὰς
582 1162 631 1203 ἂν
658 1163 876 1204 συστάσεις
902 1162 949 1203 ἂν
976 1164 1150 1211 εἰσίδοις,
1407 1176 1469 1207 415

235 1235 313 1271 τῶν
337 1233 410 1282 μὲν
435 1231 640 1283 λεγόντων
668 1230 719 1272 ὡς
745 1230 895 1271 δίκαιον
920 1229 967 1280 ἧν
993 1227 1120 1280 ξένοις

238 1297 383 1340 ἱκέταις
409 1296 583 1350 ἀρήγειν,
611 1301 691 1338 τῶν
717 1299 758 1338 δὲ
782 1298 931 1350 μωρίαν
956 1296 1055 1348 ἐμὴν

239 1365 572 1418 κατηγορούντων·
612 1365 645 1405 εἰ
672 1366 713 1405 δὲ
739 1364 784 1414 δὴ
810 1363 944 1417 δράσω
969 1365 1070 1411 τόδε,

238 1434 380 1474 οἰκεῖος
405 1431 479 1483 ἤδη
506 1432 682 1482 πόλεμος
709 1430 946 1484 ἐξαρτύεται.

238 1498 345 1539 ταῦτ’
371 1499 440 1539 οῧν
465 1499 537 1550 ὅρα
563 1498 613 1538 σὺ
641 1499 703 1539 καὶ
729 1496 1005 1551 συνεξεύρισχ’
1031 1498 1136 1540 ὅπως
1406 1509 1472 1541 4²0

239 1565 352 1606 αὐτοί
371 1583 413 1606 τε
438 1564 679 1616 σωθήσεσθε
705 1566 767 1605 καὶ
792 1564 913 1606 πέδον
939 1565 1040 1610 τόδε,

241 1634 349 1686 κάγὼ
374 1634 556 1674 πολίταις
581 1631 633 1683 μὴ
661 1630 998 1683 διαβληθήσομαι.

240 1700 284 1740 οὐ
309 1701 383 1752 γὰρ
408 1698 602 1751 τυραννίδ’
628 1699 733 1739 ὥστε
759 1697 979 1750 βαρβάρων
1005 1697 1097 1751 ἔχω·

241 1766 346 1813 ἀλλ’,
372 1763 420 1816 ἦν
446 1767 573 1806 δίκαια
600 1768 689 1817 δρῶ,
717 1766 846 1805 δίκαια
870 1766 1071 1816 πείσομαι.

143 1837 214 1874 Xo.
241 1833 332 1874 ἀλλ’
359 1831 382 1883 ἦ
408 1833 608 1885 πρόθυμον
635 1832 761 1872 οὖσαν
787 1832 855 1873 οὐκ
881 1833 925 1887 ἐᾷ
950 1831 1038 1874 θεὸς
1408 1843 1472 1875 425

241 1899 368 1951 ξένοις
394 1898 555 1952 ἀρήγειν
580 1898 698 1949 τήνδε
723 1899 937 1955 χρῄζουσιν
963 1899 1101 1946 πόλιν,·

144 1971 196 2008 Ιο.
241 1966 270 2008 ὦ
294 1966 410 2012 τέκν’,
439 1966 595 2019 ἔοιγμεν
622 1966 882 2011 ναυτίλοισιν,
910 1966 1051 2007 οἵτινες

242 2038 435 2087 χειμῶνος
461 2033 704 2086 ἐκφυγόντες
729 2032 867 2084 ἄγριον
891 2031 1009 2083 μένος

186 2138 249 2167 402
274 2127 481 2167 transposuit
499 2127 690 2166 Tyrwhitt;
723 2125 841 2156 melius
859 2125 1002 2156 fortasse
1020 2129 1096 2164 post
1113 2133 1175 2162 404
1195 2123 1306 2153 deleto
1323 2131 1397 2160 405,
1417 2126 1474 2152 aut

144 2176 220 2213 post
237 2182 300 2211 409
427 2180 492 2209 405
518 2171 610 2201 delet
626 2170 856 2200 Wilamowitz
947 2166 1104 2209 σωτήρια]
1124 2165 1331 2208 κεχρησμένα
1347 2165 1472 2196 Weck-

144 2216 210 2247 lein
378 2216 442 2253 406
466 2214 639 2254 θεσφάτοις
659 2213 860 2243 Kirchhoff:
885 2212 1054 2253 θεσφάτων
1074 2210 1138 2241 LP
1308 2219 1370 2248 407
1395 2211 1472 2240 πᾶσι

144 2261 248 2290 citant
265 2258 380 2289 Schol.
401 2258 506 2297 Soph.
527 2257 608 2288 Ant.
630 2267 700 2296 174,
717 2256 834 2287 Trach.
855 2266 939 2295 593:
965 2255 1093 2287 πάντων
1111 2254 1136 2283 L
1150 2253 1176 2283 P
1309 2252 1372 2291 408
1397 2251 1473 2293 κόρῃ

144 2304 250 2336 voluit
267 2305 298 2338 l:
322 2302 418 2344 κόρην
437 2301 463 2331 L
477 2301 502 2331 P
646 2310 711 2339 409
735 2299 872 2340 δήμητρί
887 2299 920 2340 γ’
937 2299 950 2328 Ι
1092 2307 1128 2338 41
1140 2307 1151 2327 1
1179 2299 1282 2329 κτενῶ
1300 2294 1451 2334 Elmsley
1466 2305 1474 2325 t

145 2349 250 2378 κτανῶ
268 2345 330 2375 LP
451 2353 515 2383 415
539 2343 669 2386 πικρὰς]
688 2344 805 2375 πυκνὰς
825 2342 959 2373 Dobree
1050 2343 1088 2374 ἂν
1106 2341 1234 2373 εἰσίδοις
1251 2344 1448 2378 suspectum
1464 2349 1471 2368 ε

145 2392 254 2422 ἀστῶν
285 2392 362 2421 ἴδοις
392 2388 553 2427 Hartung
729 2388 793 2425 416
828 2386 847 2424 ἧ
879 2385 941 2416 LP
1117 2394 1179 2422 417
1216 2386 1292 2423 ἐμοῦ
1321 2381 1473 2420 Elmsley

145 2435 210 2473 426
234 2432 409 2475 χρῄζουσιν
430 2431 665 2461 l-Ierwerden:
692 2429 875 2472 χρῄζουσαν
896 2429 919 2458 I⁴
933 2429 959 2458 Ρ
1078 2438 1139 2466 427
1167 2428 1390 2459 ναυτίλλοισιν
1408 2425 1433 2455 I.
1447 2425 1474 2454 P
