1651 2780
596 89 943 127 ΕΎΡΙΠΙΔΟΎ

338 194 460 234 λίστα
485 197 563 234 τῶν
590 193 671 233 κατ’
693 192 917 244 ’Όλυμπον.

270 257 504 313 [παρθένων,
524 257 720 313 ’'Am-eum]

108 366 167 403 Ιπ.
205 362 271 402 σοὶ
295 362 409 402 τόνδε
434 361 605 403 πλεκτὸν
632 360 837 414 στέφανον
863 360 909 412 ἐξ
931 360 1124 413 ἀκηράτου

205 432 408 480 λειμῶνος,
436 426 466 468 ὦ
492 428 697 475 δέσποινα,
727 427 933 480 κοσμήσας
960 428 1082 481 φέρω,

207 495 286 537 ἔνθ’
310 496 399 536 οὔτε
425 495 571 547 ποιμὴν
597 494 700 546 ἀξιοῖ
723 494 894 548 φέρβειν
918 496 1022 546 βοτὰ
1397 506 1439 539 ,75

206 562 285 603 οὔτ’
310 561 408 613 ἦλθέ
432 579 492 603 πω
517 564 691 614 σίδαρος,
718 562 810 603 ἀλλ’
836 560 1031 614 ἀκήρατον

205 628 384 681 μέλισσα
407 629 568 680 λειμῶν’
592 629 704 681 ἠρινὴ
731 628 938 683 διέρχεται,

208 697 336 738 Αἰδὼς
361 699 402 738 δὲ
427 697 660 747 ποταμίαισι
691 696 848 747 κηπεύει
874 696 1044 748 δρόσοις·

208 764 321 806 ὅσοις
346 763 527 804 διδακτὸν
551 762 686 814 μηδέν,
714 763 806 804 ἀλλ’
831 764 874 804 ἐν
898 763 944 819 τῇ
972 763 1094 816 φύσει

207 830 252 871 τὸ
278 833 501 883 σωφρονεῖν
528 832 689 884 εἴληχεν
714 831 754 872 ἐς
779 832 827 870 τὰ
851 829 966 871 πάνθ’
993 831 1108 881 ὁμῶς,
1399 834 1443 866 80

169 925 171 928 «
208 897 359 939 τούτὸις
384 896 613 947 δρέπεσθαι,
640 901 722 939 τοῖς
748 900 904 937 κακοῖσι
929 896 961 936 δ’
988 898 1032 938 οὐ
1057 897 1179 948 θέμις.

209 964 314 1011 ἀλλ’,
341 962 370 1004 ὦ
396 965 495 1016 φίλη
522 963 725 1009 δέσποινα,
754 963 928 1017 χρυσέας
953 964 1073 1015 κόμης

210 1030 389 1082 ἆνάδημα
414 1029 522 1080 δέξαι
546 1031 679 1084 χειρὸς
704 1029 899 1082 εὐσεβοῦς
923 1030 1013 1071 ἄπο.

208 1099 314 1153 μόνῳ
339 1097 414 1150 γάρ
440 1099 526 1138 ἐστι
551 1097 654 1138 τοῦτ’
679 1098 766 1148 ἐμοὶ
791 1097 908 1150 γέρας
933 1101 1103 1150 βροτῶν·
1160 1110 1163 1111 ’

210 1166 274 1206 σοὶ
300 1165 362 1206 καὶ
389 1162 539 1216 ξύνειμι
565 1165 628 1206 καὶ
651 1165 790 1218 λόγοις
816 1166 1045 1216 ἀμείβομαι,
1400 1170 1441 1209 85

210 1232 339 1273 κλύων
363 1234 436 1284 μὲν
460 1231 594 1284 αὐδήν,
623 1234 728 1284 ὄμμα
752 1231 785 1272 δ’
813 1232 887 1286 οὐχ
911 1233 1012 1284 ὁρῶν
1037 1231 1081 1272 τὸ
1106 1233 1194 1274 σόν.

209 1299 325 1341 τέλος
350 1302 392 1341 δὲ
417 1298 613 1352 κάμψαιμ’
639 1300 772 1352 ὥσπερ
798 1298 974 1352 ἠρξάμην
999 1301 1105 1351 βίου.

70 1409 71 1412 ,
110 1386 357 1416 ΘΕΡΑΠΩΝ

211 1445 483 1496 ἄναξ-θεοὺς
509 1447 584 1499 γὰρ
609 1447 807 1488 δεσπότας
833 1449 969 1486 καλεῖν
993 1445 1182 1500 χρεών-

211 1513 271 1566 ἆρ’
297 1512 344 1554 ἄν
369 1513 410 1553 τί
429 1530 504 1564 μου
529 1511 660 1562 δέξαιο
686 1513 988 1564 βουλεύσαντος
1013 1513 1073 1559 εὖ,-

115 1584 173 1621 Ιπ.
213 1580 275 1620 καὶ
301 1579 423 1632 κάρτα
448 1580 498 1632 γ’·
535 1579 558 1630 ἧ
583 1582 658 1633 γὰρ
685 1580 729 1620 οὗ
755 1580 879 1632 σοφοὶ
905 1579 1130 1632 φαινοίμεθ’
1155 1579 1216 1620 ἄν.
1403 1593 1445 1624 90

113 1650 186 1688 Θε.
214 1646 316 1687 οἶσθ’
342 1647 413 1688 οὗν
436 1650 645 1699 βροτοῖσιν
672 1646 714 1689 ὃς
740 1646 982 1697 καθέστηκεν
1008 1647 1127 1697 νόμος
1167 1678 1173 1686 .
1213 1678 1220 1686 .
1262 1678 1269 1686 .

116 1718 173 1756 Ιπ.
212 1714 278 1754 οὐκ
305 1714 403 1756 οἶδα·
440 1717 510 1754 τοῦ
534 1716 575 1755 δὲ
603 1714 669 1754 καί
688 1713 727 1764 μ’
753 1714 976 1766 ἀνιστορεῖς
1001 1712 1108 1766 πέρι,·

114 1785 186 1822 Θε.
212 1785 346 1833 μισεῖν
371 1781 415 1821 τὸ
442 1780 590 1832 σεμνὸν
616 1781 678 1821 καὶ
702 1780 747 1821 τὸ
772 1780 823 1831 μὴ
849 1783 972 1822 πᾶσιν
1000 1781 1135 1833 φίλον.

157 1885 197 1914 72
235 1873 398 1916 παρθένων
430 1874 563 1916 Ἄρτεμι
606 1873 696 1904 delet
733 1873 851 1904 Nauck
867 1884 873 1903 :
913 1883 977 1904 om.
1012 1873 1126 1904 Haun.
1159 1871 1329 1912 adscripta
1368 1877 1446 1911 post

110 1919 278 1958 Ὄλυμπον
301 1918 417 1957 glossa
442 1921 539 1949 θεῶν;
572 1917 725 1959 παρθένος
744 1918 878 1958 ’Ἄρτεμι
903 1916 1135 1947 Wilamowitz
1305 1917 1346 1954 76
1377 1916 1445 1947 οὔτ’

115 1962 222 1992 Orion
237 1962 306 1992 flor.
326 1962 370 1992 iii.
384 1971 420 1999 3:
439 1961 504 1993 οὐδ’
519 1961 615 1992 codd.
710 1961 837 2002 σίδαρος
853 1960 883 1990 Μ
895 1960 1078 1991 ABVDO
1094 1967 1127 1992 et
1144 1960 1204 1994 §V
1221 1959 1300 1993 213:
1318 1959 1447 2000 σίδηρος

116 2006 141 2035 L
154 2006 179 2035 P
195 2015 362 2044 suprascr.
376 2005 407 2034 V
507 2004 663 2047 ἀκήρατος
680 2005 722 2034 Α1
742 2006 812 2042 (aut
829 2004 886 2042 ΛΞ)
907 2015 949 2034 ex
968 2005 1127 2045 ἀκήρατον
1273 2013 1312 2042 77
1339 2004 1446 2044 ἐαρινὴ

115 2049 334 2087 Valckenaer,
358 2059 377 2080 e
390 2048 456 2083 EV
476 2053 500 2083 Σ
513 2048 540 2078 Β
557 2060 564 2078 :
597 2049 718 2090 ἐαρινὸν
736 2047 768 2077 M
781 2047 811 2077 A
830 2047 856 2077 Β
869 2048 899 2077 V
915 2053 948 2078 ct
972 2049 1079 2078 codex
1101 2048 1186 2087 Nap.
1209 2047 1423 2078 scholiorum
1438 2057 1445 2075 :

114 2094 221 2134 τ’]ρινὸν
239 2093 265 2122 L
276 2092 302 2122 P
458 2103 508 2131 79.
525 2093 568 2124 80
592 2091 694 2132 ὅσοις]
710 2093 799 2123 ὅστις
814 2091 953 2122 Porson.
1003 2091 1071 2122 Sed
1089 2093 1127 2123 τὸ
1145 2099 1246 2133 σωφρ.
1262 2101 1351 2122 nom.
1367 2100 1446 2121 casu

116 2137 237 2166 dicitur
253 2148 259 2166 :
290 2136 298 2152 ί
312 2136 453 2167 Caslitas
474 2146 526 2167 eos
546 2136 658 2166 sortita
679 2135 742 2165 cst’
897 2135 939 2165 80
963 2135 1055 2167 πάνθ’
1074 2136 1155 2175 ὅμως
1173 2135 1206 2164 Μ
1218 2135 1250 2164 Α
1262 2134 1331 2165 BV
1348 2137 1446 2173 (ὁμῶς

117 2179 171 2219 ΒΖ)
187 2190 194 2209 :
225 2179 318 2211 πάντ’
336 2181 385 2212 ἀεί
403 2180 428 2210 L
441 2180 479 2211 P.
526 2179 577 2210 Cf.
596 2179 717 2210 Bacch.
735 2179 800 2217 316
931 2179 972 2216 85
1004 2178 1115 2220 λόγοις
1138 2179 1168 2210 σ’
1187 2177 1217 2209 O
1237 2178 1377 2218 (λόγοισ’
1396 2177 1446 2217 Μ)

117 2224 159 2253 86
176 2224 273 2261 αὐδήν
290 2223 322 2252 Μ
335 2223 365 2253 Α
376 2224 406 2253 V
419 2223 456 2253 L¹
474 2224 546 2260 (aut
561 2222 616 2263 L2)
633 2234 640 2253 t
665 2224 760 2259 αὐδῆς
776 2220 820 2252 Α2
833 2222 858 2252 L
877 2221 971 2262 (ante
989 2223 1069 2261 ras.)
1091 2222 1116 2251 P
1242 2225 1321 2263 ὁρῶν
1336 2220 1368 2251 Α
1379 2220 1407 2250 Β
1419 2219 1446 2249 L

119 2266 191 2303 (aut
210 2266 260 2299 L2‘u
283 2267 327 2296 P:
354 2269 413 2307 ὁρῶ
432 2266 463 2296 Μ
476 2267 506 2296 V
630 2267 673 2295 88
697 2262 853 2306 θεράπων]
871 2265 926 2295 hic
944 2275 1083 2295 omnes:
1110 2275 1187 2295 mox
1205 2264 1332 2302 οἰκέτης
1351 2263 1382 2293 Μ
1395 2263 1446 2292 V:

119 2310 259 2339 lineolas
275 2320 327 2339 vv,
346 2310 475 2347 92-108
493 2308 594 2348 praes.
617 2308 642 2338 L
798 2318 836 2347 91
864 2308 913 2348 as]
937 2319 979 2338 ex
1004 2310 1042 2340 ὡς
1060 2309 1112 2337 vel
1135 2307 1181 2340 οἷς
1203 2312 1387 2338 correctum
1411 2307 1445 2336 in

119 2353 169 2384 A:
195 2355 235 2385 ὡς
254 2353 371 2383 Nauck
