1683 2732
691 81 939 118 MHAElA

260 184 350 225 ἀλλ’
376 183 545 235 ἄντομαί
567 200 614 223 σε
639 185 759 233 τῆσδε
786 182 880 234 πρὸς
907 182 1106 234 γενειάδος

258 250 437 304 γονάτων
462 267 503 291 τε
529 253 606 289 τῶν
632 253 714 289 σῶν
741 250 871 289 ἱκεσία
895 265 937 289 τε
960 249 1158 301 γίγνομαι,
1415 264 1479 295 710

260 319 431 370 οἴκτιρον
457 316 626 368 οἵκτιρόν
651 332 699 367 με
724 315 795 365 τὴν
820 316 1062 366 δυσδαίμονα

261 385 322 424 καὶ
346 383 398 435 μή
423 383 463 435 μ’
489 382 632 435 ἔρημον
658 383 909 423 ἐκπεσοῦσαν
935 382 1097 439 εἷσίδῃς,

259 448 368 500 δέξαι
392 452 433 490 δὲ
458 449 567 502 χώρᾳ
593 449 655 489 καὶ
681 449 815 499 δόμοις
840 448 1043 500 ἐφέστιον.

260 517 381 558 οὕτως
406 516 501 568 ἔρως
528 516 592 556 σοὶ
619 515 715 567 πρὸς
741 517 841 555 θεῶν
865 516 1113 568 τελεσφόρος

258 582 414 636 γένοιτο
439 584 600 629 παίδων,
630 581 768 623 καύτὸς
794 583 936 632 ὄλβιος
961 581 1105 623 θάνοις.
1416 592 1478 628 715

261 650 407 702 εὕρημα
433 648 465 689 δ’
493 649 559 689 οὐκ
586 648 689 689 οἶσθ’
716 649 799 689 οἷον
824 648 994 700 ηὕρηκας
1018 649 1121 688 τόδε·

261 715 400 757 παύσω
426 714 469 756 δέ
494 715 531 755 σ’
557 714 637 756 ὅντ’
662 714 808 756 ἄπαιδα
833 715 895 755 καὶ
920 716 1070 756 παίδων
1094 715 1216 767 γονᾶς

261 783 425 834 σπεῖραί
449 799 496 823 σε
522 781 645 832 θήσω·
683 781 805 822 τοιάδ’
832 781 918 822 οἶδα
943 781 1143 834 φάρμακα.

161 851 222 889 Αι.
261 852 425 889 πολλῶν
451 849 560 889 ἕκατι
584 847 700 898 τήνδε
726 865 792 888 σοι
817 852 949 889 δοῦναι
974 847 1103 902 χάριν,

1440 928 1481 950 20

1418 924 1433 960 *ΚΥ

259 915 386 968 γύναι,
413 916 609 967 πρόθυμός
635 916 725 966 εἶμι,
753 919 887 967 πρῶτα
911 918 982 966 μὲν
1007 917 1119 961 θεῶν,

262 982 397 1022 ἔπειτα
422 983 572 1023 παίδων
596 982 651 1022 ῶν
676 981 907 1038 ἐπαγγέλλῃ
934 980 1066 1034 γονάς·

261 1050 300 1090 ἐς
324 1052 437 1089 τοῦτο
462 1051 537 1101 γὰρ
562 1048 607 1099 δὴ
635 1049 804 1101 φροῦδός
829 1050 906 1099 εἰμι
931 1051 1006 1090 πᾶς
1031 1048 1122 1100 ἐγώ.

261 1115 360 1155 οὕτω
387 1114 419 1154 δ’
444 1116 528 1168 ἔχει
551 1131 630 1166 μοι·
671 1119 745 1155 σοῦ
767 1117 840 1166 μὲν
866 1115 1059 1165 ἐλθούσης
1084 1114 1222 1167 χθόνα,

262 1181 506 1233 πειράσομαί
531 1198 604 1222 σου
628 1181 833 1233 προξενεῖν
858 1183 1006 1223 δίκαιος
1031 1181 1096 1221 ὥν.

261 1249 382 1288 τόσον
408 1265 453 1300 γε
476 1248 611 1299 μέντοι
637 1265 702 1288 σοι
726 1249 997 1300 προσημαίνω,
1025 1248 1151 1300 γύναι·
1414 1257 1478 1291 ’725

262 1316 304 1354 ἐκ
329 1316 450 1365 τῆσδε
474 1317 544 1365 μὲν
569 1317 641 1367 γῆς
667 1314 710 1354 οὔ
737 1314 775 1353 σ’
800 1314 912 1367 ἄγειν
935 1313 1204 1365 βουλήσομαι,

261 1380 358 1431 αὐτὴ
383 1380 414 1421 δ’
441 1380 585 1434 ἐάνπερ
611 1383 665 1423 εἰς
691 1381 807 1432 ἐμοὺς
833 1381 952 1437 ἔλθῃς
978 1381 1130 1432 δόμους,

260 1450 390 1499 μενεῖς
413 1447 564 1490 ἄσυλος
589 1448 656 1488 κοῦ
684 1465 731 1488 σε
755 1447 807 1499 μὴ
832 1449 936 1498 μεθῶ
962 1463 1050 1488 τινι.

262 1515 304 1555 ἐκ
329 1516 451 1564 τῆσδε
475 1514 508 1554 δ’
534 1514 629 1565 αὐτὴ
654 1516 727 1567 γῆς
752 1513 1022 1555 ἀπαλλάσσου
1047 1513 1161 1554 πόδα·

260 1581 432 1622 ἀναίτιος
458 1583 531 1633 γὰρ
558 1582 620 1622 καὶ
645 1580 773 1632 ξένοις
798 1580 898 1621 εἶναι
924 1580 1040 1621 θέλω.
1415 1590 1480 1623 730

162 1649 245 1694 Μη.
261 1647 375 1687 ἔσται
399 1647 495 1687 τάδ’·
533 1648 640 1688 ἀλλὰ
665 1648 798 1689 πίστις
824 1648 857 1688 εἶ
882 1647 1038 1700 γένοιτό
1059 1663 1124 1698 μοι

260 1714 421 1759 τούτων,
449 1713 575 1768 ἔχοιμ’
601 1714 649 1754 ἂν
674 1712 802 1755 πάντα
827 1713 924 1766 πρὸς
950 1713 1067 1754 σέθεν
1094 1717 1235 1756 καλῶς.

161 1782 224 1820 Αι.
260 1783 344 1831 μῶν
369 1780 412 1820 οὗ
439 1779 649 1828 πέποιθας;
688 1778 711 1831 ἢ
736 1781 776 1821 τί
800 1797 864 1821 σοι
890 1780 935 1820 τὸ
961 1779 1170 1834 δυσχερές;

161 1848 243 1896 Μη.
261 1846 441 1888 πέποιθα·
480 1849 631 1888 Πελίου
657 1847 689 1887 δ’
715 1848 858 1901 ἐχθρός
884 1848 976 1888 ἐστί
995 1863 1061 1898 μοι
1087 1847 1204 1897 δόμος

261 1913 397 1965 Κρέων
422 1931 476 1954 τε.
547 1913 701 1955 τούτοις
726 1913 758 1953 δ’
785 1914 954 1966 ὁρκίοισι
978 1915 1051 1965 μὲν
1078 1912 1204 1966 ζυγεὶς
1417 1923 1480 1956 735

259 1978 425 2032 ἄγουσιν
450 1981 494 2020 οὐ
518 1980 645 2031 μεθεῖ’
672 1980 720 2021 ἂν
745 1982 787 2021 ἐκ
812 1982 927 2034 γαίας
953 1979 1033 2031 ἐμέ·

209 2079 357 2109 710-715
383 2076 519 2103 exstant
537 2072 571 2103 in
589 2078 618 2105 Π
783 2084 846 2113 710
869 2078 935 2106 τῶν
957 2084 1022 2106 om.
1038 2075 1164 2106 VBP:
1189 2075 1289 2108 habet
1306 2083 1334 2109 Π
1452 2092 1488 2110 τε

165 2112 257 2152 (post
275 2115 395 2154 ἱκεσία)
412 2125 475 2146 om.
496 2115 523 2145 P
540 2126 623 2146 eras.
643 2116 676 2146 in
695 2117 721 2147 B
847 2127 920 2155 714,
941 2127 1002 2156 715
1027 2117 1127 2148 habet
1145 2124 1173 2150 Π
1299 2130 1360 2159 715
1386 2121 1487 2154 θάνοις

164 2155 201 2185 L¹
216 2155 264 2186 P:
288 2157 391 2190 θάνεις
408 2158 456 2188 L:
481 2157 575 2200 θάνῃς
591 2158 663 2189 AV
675 2159 701 2188 B
823 2170 882 2199 717
908 2165 1086 2200 suspectus
1205 2172 1263 2201 721
1290 2163 1333 2195 ὧν
1350 2164 1463 2194 Haun.
1480 2176 1486 2194 ε

162 2197 205 2230 ὧῆε
223 2199 269 2229 L:
295 2199 339 2232 ὧν
354 2199 386 2240 μ’
403 2200 474 2232 rell.
493 2201 506 2230 l
621 2201 790 2243 ἐπαγγέλη
806 2203 837 2233 V
913 2214 915 2217 ’
992 2213 1054 2242 723
1078 2204 1147 2244 ἔχει
1164 2218 1216 2243 μοι
1235 2206 1261 2236 L
1275 2206 1302 2236 B
1314 2217 1333 2237 v
1349 2219 1355 2238 :
1380 2208 1487 2248 ἔχοιμι

161 2240 325 2273 AVB²P
471 2245 620 2283 725—728
655 2245 799 2276 Damnat
826 2245 1026 2282 Kirchhoff;
1060 2248 1119 2278 sed
1146 2258 1313 2287 personae
1339 2261 1487 2290 congrua

162 2286 295 2317 iteratio
385 2296 446 2326 725
462 2287 598 2320 τοσόνδε
609 2287 719 2327 μέντοι
734 2302 784 2321 σοι
798 2292 990 2330 προσημανῶ
1008 2290 1035 2319 Β
1127 2301 1189 2330 735
1214 2293 1358 2325 τούτοισι
1377 2295 1404 2326 δ’
1416 2294 1445 2323 V
1458 2294 1484 2323 B

163 2330 226 2368 736
247 2328 351 2368 μεθεΐ’
370 2329 395 2359 L
412 2335 445 2361 et
463 2334 485 2364 Σ
503 2335 537 2361 et
554 2330 694 2362 fortasse
710 2331 740 2361 V
759 2333 881 2373 (pam)
898 2343 904 2362 z
928 2335 1031 2372 μεθεΐς
1050 2333 1076 2363 Β
1091 2333 1138 2364 P:
1161 2338 1258 2374 μεθῆς
1274 2336 1335 2367 Αυ
