1651 2780
612 110 957 149 ΕΎῚἸΠΙΔΟΎ

222 221 373 262 νικῶσι,
401 216 558 268 πυγμὴν
584 216 646 255 καὶ
671 214 816 264 πάλην,
843 214 1087 264 βουφόρβια·

223 283 318 336 γυνὴ
345 283 378 323 δ’
405 282 464 323 ἐπ’
490 282 620 324 αὐτοῖς
646 280 779 322 εἵπετ’·
817 280 1020 333 ἐντυχόντι
1045 281 1085 319 δὲ

223 349 392 403 αἰσχρὸν
417 353 598 401 παρεῖναι
625 348 757 400 κέρδος
782 346 829 397 ἦν
853 347 933 387 τόδ’
961 345 1132 387 εὐκλεές.

224 416 329 463 ἀλλ’,
356 417 491 468 ὥσπερ
517 415 641 461 εἶπον,
669 414 733 454 σοὶ
757 413 892 465 μέλειν
918 417 1082 465 γυναῖκα
1107 410 1197 465 χρή·

223 483 267 524 οὐ
292 485 366 536 γὰρ
395 483 602 527 κλοπαίαν,
631 482 738 522 ἀλλὰ
764 481 838 521 σὺν
864 481 970 534 πόνῳ
994 479 1135 530 λαβὼν
1362 489 1449 521 1035

222 551 317 601 ἥκω·
354 550 483 603 χρόνῳ
509 551 551 588 δὲ
579 547 640 588 καὶ
666 547 717 587 σύ
740 547 779 598 μ’
804 546 976 588 αἰνέσεις
999 547 1109 588 ἴσως.

128 620 196 658 Αδ.
223 617 329 657 οὔτοι
356 616 394 655 σ’
420 616 559 665 ἀτίζων
585 613 664 654 οὐδ’
691 615 732 654 ἐν
758 615 989 666 αἰσχροῖσιν
1013 613 1133 654 τιθεὶς

226 682 363 735 ἔκρυψ’
389 684 482 733 ἐμῆς
507 680 691 734 γυναικὸς
716 681 856 721 ἀθλίου
880 680 1016 733 τύχας·

227 749 318 790 ἀλλ’
343 748 466 800 ἄλγος
491 747 607 800 ἄλγει
632 747 733 787 τοῦτ’
758 746 806 787 ἂν
832 745 880 796 ἦν
904 745 1204 798 προσκείμενον,

229 818 264 857 εἴ
286 832 353 855 του
379 814 474 867 πρὸς
499 813 626 854 ἄλλου
653 813 798 864 δώμαθ’
825 812 1006 865 ὡρμήθης
1031 811 1156 863 ξένου·
1371 824 1455 854 1040

228 882 317 924 ἅλις
342 884 383 922 δὲ
410 882 560 922 κλαίειν
585 880 729 931 τούμὸν
754 878 802 930 ἧν
826 881 912 930 ἐμοὶ
938 880 1069 920 κακόν.

228 952 392 1000 γυναῖκα
417 947 462 994 δ’,
491 949 527 988 εἵ
550 964 632 989 πως
657 946 782 992 ἔστιν,
808 947 992 997 αἰτοῦμαί
1014 945 1067 991 σ’,
1095 942 1206 994 ἄναξ,

228 1014 355 1055 ἄλλον
380 1014 451 1055 τιν’
477 1014 588 1056 ὅστις
613 1013 666 1064 μὴ
691 1012 889 1054 πέπονθεν
914 1012 963 1053 οἷ’
989 1013 1067 1064 ἐγὼ

231 1080 369 1135 σῴζειν
396 1080 546 1134 ἄνωχθι
573 1083 819 1121 Θεσσαλῶν·
857 1079 1002 1120 πολλοὶ
1028 1078 1070 1119 δέ
1095 1094 1161 1118 σοι

231 1147 337 1198 ξένοι
363 1148 558 1199 Φεραίων·
595 1145 648 1198 μή
673 1145 713 1197 μ’
740 1145 971 1202 ἀναμνήσῃς
995 1147 1138 1185 κακῶν.
1374 1155 1456 1186 1045

230 1214 298 1255 οὐκ
323 1214 371 1255 ἂν
395 1214 583 1265 δυναίμην
610 1212 717 1264 τήνδ’
744 1213 844 1265 ὁρῶν
870 1214 910 1253 ἐν
936 1212 1114 1263 δώμασιν

231 1281 399 1333 ἄδακρυς
424 1281 535 1322 εἶναι·
573 1280 625 1332 μὴ
652 1280 838 1321 νοσοῦντί
858 1296 925 1330 μοι
948 1279 1070 1320 νόσον

232 1351 422 1405 προσθῇς·
460 1347 548 1389 ἅλις
573 1349 651 1399 γὰρ
677 1351 863 1401 συμφορᾷ
887 1345 1122 1397 βαρύνομαι.

233 1418 307 1455 ποῦ
333 1415 395 1455 καὶ
420 1413 596 1466 τρέφοιτ’
622 1413 671 1454 ἂν
699 1412 885 1463 δωμάτων
911 1412 981 1453 νέα
1005 1410 1122 1463 γυνή,·

233 1481 302 1522 νέα
326 1480 413 1533 γάρ,
441 1481 493 1523 ὡς
518 1482 659 1530 ἐσθῆτι
685 1479 747 1519 καὶ
774 1480 907 1533 κόσμῳ
933 1478 1085 1530 πρέπει.
1379 1489 1462 1520 1050

233 1548 379 1599 πότερα
404 1546 486 1587 κατ’
513 1548 665 1598 ἀνδρῶν
692 1545 776 1596 δῆτ’
802 1544 999 1595 ἐνοικήσει
1024 1543 1192 1596 στέγην,·

235 1615 296 1654 καὶ
322 1617 403 1656 πῶς
429 1613 649 1665 ἀκραιφνὴς
677 1615 718 1653 ἐν
743 1611 845 1653 νέοις
871 1609 1145 1664 στρωφωμένη

235 1681 368 1727 ἕσται,·
405 1679 473 1720 τὸν
498 1679 662 1731 ἡβῶνθ’,
690 1678 917 1730 (Ηράκλεις,
944 1679 989 1719 οὐ
1014 1675 1149 1732 ῥᾴδιον

236 1748 392 1799 εἵργειν·
431 1747 508 1798 ἐγὼ
534 1748 575 1786 δὲ
601 1749 674 1786 σοῦ
699 1746 920 1797 προμηθίαν
945 1744 1037 1797 ἔχω.

236 1810 260 1863 ἦ
284 1815 352 1863 τῆς
378 1813 575 1863 θανούσης
602 1812 782 1863 θάλαμον
809 1810 993 1862 ἐσβήσας
1017 1809 1169 1863 τρέφω;
1378 1820 1462 1851 1055

238 1880 300 1919 καὶ
325 1883 408 1921 πῶς
433 1881 623 1932 ἐπεσφρῶ
650 1878 764 1929 τήνδε
790 1883 842 1933 τῷ
869 1879 998 1928 κείνης
1022 1877 1155 1930 λέχει,·

238 1949 382 1997 διπλῆν
407 1949 609 1998 φοβοῦμαι
635 1945 802 1998 μέμψιν,
832 1945 873 1985 ἔκ
898 1961 939 1985 τε
964 1947 1155 1995 δημοτῶν,

184 2039 265 2076 1036
296 2039 327 2077 μ’
351 2038 439 2069 VB:
471 2038 504 2078 ’γ’
532 2038 596 2068 LP
754 2047 833 2076 1037
868 2035 984 2076 ἀτίζων
1008 2035 1162 2074 Scaliger
1187 2034 1235 2075 (et
1261 2032 1465 2063 Harleianus

138 2084 255 2120 5743):
280 2081 438 2119 ἀτιμάζων
455 2081 549 2112 codd.
570 2088 602 2111 et
620 2081 741 2111 lemma
755 2085 778 2113 Σ
912 2082 1095 2120 αἰσχροῖσιν
1113 2078 1139 2108 L
1153 2078 1178 2108 P
1198 2076 1331 2116 (supple
1350 2075 1437 2107 αὐτό
1457 2086 1463 2106 :

138 2130 302 2169 ἐχθροῖσιν
325 2127 354 2157 V
367 2126 406 2160 Β,
434 2127 493 2157 sed
518 2127 697 2167 αι’χθροῖσιν
721 2125 875 2165 primitus
898 2124 929 2152 V
1085 2123 1165 2161 1038
1197 2123 1323 2154 ἀθλίους
1348 2122 1375 2152 Β
1390 2122 1420 2153 Ο
1437 2123 1466 2153 D

142 2182 224 2210 1039
247 2171 454 2212 προκείμενον
471 2170 501 2199 V
514 2170 540 2199 P
698 2179 780 2206 1040
805 2170 836 2199 εἴ
848 2167 920 2207 του]
941 2170 1027 2207 εἴπερ
1046 2167 1071 2196 L
1085 2166 1110 2196 Ρ
1268 2175 1349 2204 1045
1373 2167 1416 2205 μή
1432 2166 1466 2205 μ’

137 2216 322 2255 ἀναμνήσῃς
342 2213 367 2243 I.
380 2213 405 2243 P
421 2225 426 2243 :
451 2214 494 2250 μή
510 2226 549 2252 με
566 2213 725 2251 μιμνήσης
740 2212 767 2241 Β
782 2211 811 2241 D
824 2212 883 2241 sed
902 2211 934 2240 in
950 2210 977 2240 B
993 2220 1129 2240 rasurae
1146 2220 1248 2250 supra
1265 2216 1299 2241 et
1318 2215 1392 2249 post
1407 2223 1442 2248 μι
1458 2220 1466 2239 :

136 2258 179 2297 μή
196 2272 234 2296 με
252 2257 439 2296 μιμνήσκεις
456 2256 507 2286 V:
532 2257 622 2286 unde
639 2256 682 2295 μὴ
699 2255 762 2294 ’με’·
787 2254 973 2293 μιμνήσκεις
992 2253 1179 2283 Kirchhoff
1267 2264 1346 2293 1051
1375 2252 1463 2292 κατ’]

136 2300 207 2340 μετ’
226 2301 401 2331 Hermann
493 2300 530 2335 δή
548 2299 608 2331 τιν’
623 2299 746 2336 οἰκήσει
765 2297 792 2328 Β
885 2307 965 2335 1055
991 2297 1133 2328 θάλαμον
1150 2298 1307 2336 εἷσβήσας
1325 2297 1353 2328 Β
1367 2296 1397 2327 O
1411 2296 1463 2328 D:

138 2346 181 2377 εἷς
199 2344 342 2383 θάλαμον
358 2344 462 2381 βήσας
479 2342 509 2372 V
521 2343 547 2373 L
561 2343 586 2372 Ρ
601 2353 606 2371 z
633 2341 774 2381 θάλαμον
794 2341 937 2380 ἐμβήσας
956 2340 1111 2371 Schmidt
