1683 2732
648 68 1035 111 ΗΡΑΚΛΕΙΔΑΙ

199 191 256 199 ἡ
279 167 517 218 παραινέσαι
542 186 607 210 σοι
634 172 811 224 σμικρόν,
841 172 1054 227 Ἀλκμήνη,
1083 178 1198 225 θέλω,

276 232 345 273 τὸν
369 232 477 286 ἄνδρ’
502 235 663 287 ἀφεῖναι
688 237 804 284 τόνδ’,
833 240 918 280 ἐπεὶ
944 244 1051 283 δοκεῖ
1073 246 1200 286 πόλει.

177 301 252 338 Αλ.
281 300 323 339 τί
343 299 389 346 δ’,
416 297 464 350 ἣν
489 300 587 359 θάνῃ
612 320 655 343 τε
680 304 743 344 καὶ
768 306 883 347 πόλει
909 309 1130 359 πιθώμεθα;
1418 329 1504 356 1020

196 390 254 398 —
278 367 327 406 τὰ
350 366 476 421 λῷστ’
502 367 550 409 ἂν
575 371 647 420 εἴη·
685 374 767 414 πῶς
791 372 875 413 τάδ’
902 374 971 415 οὖν
995 376 1226 428 γενήσεται;

175 434 250 472 Αλ.
279 433 356 485 ἐγὼ
381 433 523 485 διδάξω
547 436 702 490 ῥᾳδίως·
740 443 935 480 κτανοῦσα
960 443 1035 494 γὰρ

273 499 380 539 τόνδ’
407 501 490 542 εἶτα
517 502 656 555 νεκρὸν
680 508 762 546 τοῖς
785 510 1047 557 μετελθοῦσιν
1072 511 1205 562 φίλων

273 566 403 606 δώσω·
439 567 484 608 τὸ
509 570 583 622 γὰρ
611 571 712 622 σῶμ’
737 571 804 612 οὐκ
829 573 1038 625 ἀπιστήσω
1063 580 1191 630 χθονί,

273 632 386 676 οὗτος
410 635 452 675 δὲ
477 635 597 677 δώσει
621 636 693 687 τὴν
718 639 828 690 δίκην
854 642 984 683 θανὼν
1010 644 1109 694 ἐμοί.
1412 663 1497 695 1025

174 700 241 738 Ev.
270 699 398 747 κτεῖν’,
427 700 472 740 οὐ
497 706 760 755 παραιτοῦμαί
783 723 843 747 σε·
880 706 996 758 τήνδε
1021 711 1063 750 δὲ
1088 713 1242 760 πτόλιν,

271 766 360 807 ἐπεί
379 766 419 817 μ’
445 768 574 820 ἀφῆκε
600 771 662 810 καὶ
689 772 909 828 κατῃδέσθη
937 780 1104 824 κτανεῖν,

269 837 436 888 χρησμῷ
462 840 618 891 παλαιῷ
644 837 790 888 Λοξίου
815 840 1054 893 δωρήσομαι,

268 896 311 940 ὃς
337 898 542 951 ὠφελήσει
566 904 711 953 μείζον’
736 901 759 954 ἢ
784 908 913 947 δοκεῖν
936 909 1080 964 χρόνῳ.

268 966 438 1007 θανόντα
464 967 538 1020 γάρ
563 986 611 1019 με
637 969 781 1021 θάψεθ’
806 972 850 1012 οὗ
876 973 920 1013 τὸ
943 975 1150 1027 μόρσιμον,
1411 995 1494 1027 1030

269 1032 354 1073 δίας
378 1032 543 1084 πάροιθε
569 1035 765 1087 παρθένου
790 1041 1057 1090 Παλληνίδος·

268 1098 329 1137 καὶ
356 1100 421 1139 σοὶ
446 1101 519 1150 μὲν
545 1101 678 1144 εὔνους
703 1105 766 1144 καὶ
791 1105 906 1146 πόλει
933 1107 1125 1159 σωτήριος

264 1163 446 1214 μέτοικος
470 1167 547 1208 αἰεὶ
573 1168 754 1220 κείσομαι
780 1173 874 1211 κατὰ
898 1175 1054 1226 χθονός,

265 1234 346 1273 τοῖς
370 1235 491 1273 τῶνδε
517 1233 550 1273 δ’
574 1236 775 1287 ἐκγόνοισι
801 1240 1106 1290 πολεμιώτατος,

263 1297 357 1338 ὅταν
381 1300 540 1349 μόλωσι
565 1303 678 1354 δεῦρο
705 1303 779 1344 σὺν
804 1310 937 1362 πολλῇ
961 1309 1048 1360 χερὶ
1404 1327 1488 1360 1035

260 1363 378 1416 χάριν
403 1367 616 1418 προδόντες
641 1367 767 1418 τήνδε.
837 1373 1026 1414 τοιούτων
1050 1374 1173 1425 ξένων

262 1431 496 1482 προύστητε.
569 1438 649 1477 πῶς
674 1436 741 1476 οῦν
767 1438 871 1477 ταῦτ’
897 1439 973 1491 ἐγὼ
999 1442 1248 1493 πεπυσμένος

261 1497 361 1549 δεῦρ’
386 1497 523 1548 ἦλθον,
552 1500 643 1541 ἀλλ’
668 1503 712 1543 οὐ
737 1504 920 1557 χρησμὸν
944 1506 1093 1559 ἠρόμην
1119 1511 1225 1556 θεοῦ,·

251 1561 385 1616 ’Ἠραν
409 1567 577 1617 νομίζων
602 1568 816 1621 θεσφάτων
842 1573 1014 1623 κρείσσω
1040 1575 1141 1615 πολὺ

260 1630 350 1671 κούκ
375 1631 423 1672 ἂν
449 1636 662 1685 προδοῦναί
681 1635 734 1686 μ’.
806 1638 912 1678 ἀλλὰ
935 1639 1032 1690 μήτε
1057 1658 1124 1692 μοι
1148 1645 1246 1695 χοὰς
1402 1659 1487 1690 1040

256 1696 347 1747 μήθ’
373 1699 453 1750 αἷμ’
480 1699 602 1757 ἐάσῃς
628 1703 683 1744 εἷς
707 1702 802 1754 ἐμὸν
827 1704 970 1756 στάξαι
994 1708 1128 1749 τόπον.

258 1764 376 1805 κακὸν
402 1767 476 1818 γὰρ
500 1767 631 1810 αὐτοῖς
656 1770 802 1811 νόστον
827 1771 913 1813 ἀντὶ
938 1773 1051 1814 τῶνδ’
1079 1776 1155 1826 ἐγὼ

256 1830 385 1870 δώσω·
423 1835 587 1874 διπλοῦν
612 1836 654 1875 δὲ
681 1835 814 1888 κέρδος
839 1837 938 1889 ἕξετ’
965 1839 1010 1891 ἐξ
1030 1842 1136 1892 ἐμοῦ,

202 1923 294 1961 1018,
326 1933 408 1963 1019
433 1925 525 1956 Nihil
542 1928 651 1958 adhuc
670 1929 796 1960 dietum
811 1931 853 1962 de
868 1931 1034 1973 reddendo,
1052 1944 1116 1965 nec
1129 1936 1294 1974 quadrant
1307 1947 1358 1969 vv.
1379 1948 1483 1969 1020-

157 1974 238 2004 1025
253 1975 327 1996 cum
340 1978 393 1998 vv.
408 1970 569 2008 9612972.
619 1971 787 2004 Lacunam
805 1975 903 2013 posui
921 1981 955 2006 et
968 1987 1018 2007 vv.
1041 1979 1133 2015 1018,
1152 1988 1229 2009 1021
1251 1982 1481 2020 paragraphos

155 2009 321 2046 praefixi:
346 2010 490 2042 sortasse
511 2014 622 2045 attulit
644 2015 773 2047 interea
796 2027 905 2048 novus
924 2019 1072 2050 Nuntius
1095 2026 1222 2052 certum
1242 2022 1343 2054 Urbis
1366 2026 1482 2056 decre-

153 2056 223 2081 tum
249 2052 374 2083 reddere
395 2054 617 2095 Emjystlzeum
642 2058 762 2090 iubens
909 2063 990 2092 1018
1017 2069 1091 2105 Χορ.
1117 2065 1219 2103 praes.
1248 2066 1333 2097 LP:
1357 2069 1377 2106 ἢ
1402 2070 1478 2110 ‘'⁷²77-

152 2095 244 2125 addit
259 2096 291 2125 in
308 2096 334 2126 L
347 2097 412 2128 alia
424 2108 542 2130 manus
558 2102 619 2132 sed
634 2103 753 2134 eodem
767 2108 957 2136 atramento
1063 2117 1146 2139 1020
1170 2110 1228 2140 ἂν.
1248 2133 1254 2140 .
1276 2134 1282 2140 .
1303 2113 1480 2151 πειθώμεθα

152 2137 240 2169 LP:
275 2149 359 2170 corr.
389 2141 541 2183 Elmsley
697 2156 775 2177 1021
796 2161 867 2190 χορ.
894 2149 997 2187 praef.
1025 2150 1089 2180 LP
1268 2155 1351 2184 1026
1381 2155 1478 2192 τήνδε

150 2181 185 2212 δὲ
212 2182 331 2215 πτόλιν
355 2183 527 2225 Elmsley:
561 2189 623 2224 τὴν
647 2188 681 2221 δὲ
705 2191 743 2228 δὴ
772 2191 870 2223 πόλιν
893 2192 958 2222 LP
1093 2205 1176 2233 1030
1207 2196 1315 2237 θάψαθ’
1341 2198 1477 2228 Dobree

153 2233 234 2263 1032
273 2227 324 2258 καὶ
357 2227 423 2268 σοὶ]
456 2231 556 2269 χὺμῖν
588 2231 786 2263 Kirchhoff:
826 2235 885 2265 sed
924 2236 1162 2276 Coryphaeum
1196 2249 1255 2269 rex
1288 2241 1476 2280 adloquitur

154 2269 235 2306 1038
251 2268 373 2309 ἡζόμην
384 2271 492 2302 Cobet
580 2283 663 2315 1039
681 2276 815 2317 νομίζων
826 2277 970 2309 Barnes:
990 2280 1174 2320 voflu'g‘wLP
1264 2293 1341 2322 1041
1364 2285 1468 2323 ἐάσητ’

150 2311 276 2342 Reiske
365 2314 468 2355 τάφον
487 2316 599 2348 Heath
