1683 2732
651 69 1023 107 ΙΠΠΟΛΤΤΟΣ

269 173 420 229 ᾔσχυνε
443 173 547 223 τάμὰ
570 172 717 224 λέκτρα
742 171 1028 224 κάξελέγχεται

270 239 365 292 πρὸς
388 241 456 289 τῆς
482 239 678 289 θανούσης
704 240 890 290 ἐμφανῶς
918 236 1101 278 κάκιστος
1126 236 1192 277 ὤν.
1431 250 1494 281 945

270 305 400 356 δεῖξον
425 304 471 350 δ’,
500 303 633 354 ἐπειδή
659 304 695 356 γ’
722 306 761 346 ἐς
785 303 927 354 μίασμ’
955 302 1162 353 ἐλήλυθας,

269 371 314 412 τὸ
339 371 413 412 σὸν
437 371 652 423 πρόσωπον
677 370 777 422 δεῦρ’
804 370 983 411 ἐναντίον
1009 370 1138 421 πατρί.

271 438 321 479 σὺ
347 438 392 489 δὴ
419 441 567 478 θεοῖσιν
593 437 645 480 ὡς
670 437 863 490 περισσὸς
888 435 941 477 ὢν
967 435 1066 488 ἀνὴρ

270 504 394 555 ξύνει,·
434 504 482 544 σὺ
509 504 683 557 σώφρων
710 505 771 545 καὶ
798 508 925 544 κακῶν
950 502 1160 556 ἀκήρατος,·

270 571 338 612 οὐκ
363 570 410 612 ἂν
435 572 620 622 πιθοίμην
645 574 751 611 τοῖσι
777 574 864 613 σοῖς
890 571 1054 621 κόμποις
1080 570 1157 621 ἐγὼ
1432 582 1497 612 950

270 640 400 679 θεοῖσι
424 638 612 689 προσθεὶς
637 638 808 688 ἀμαθίαν
834 641 997 689 φρονεῖν
1022 639 1161 678 κακῶς.

271 703 370 755 Τἥδη
398 721 465 745 νυν
491 704 604 756 αὔχει
630 704 692 744 καὶ
716 703 765 744 δι’
791 704 954 756 ἀψύχου
977 706 1102 755 βορᾶς

272 766 427 813 σίτοιςῨ
454 769 653 821 καπήλευ’,
681 769 838 822 Ὀρφέα
861 769 895 809 τ’
921 769 1053 810 ἄνακτ’
1081 770 1185 822 ἔχων

271 836 447 890 βάκχευε
470 841 634 878 πολλῶν
658 836 898 889 γραμμάτων
924 840 1046 887 τιμῶν
1067 835 1250 877 καπνούς·

271 904 359 944 ἐπεί
381 903 417 955 γ’
443 902 634 956 ἐλήφθης.
707 903 798 946 τοὺς
824 905 865 944 δὲ
890 903 1088 944 τοιούτους
1113 903 1190 954 ἐγὼ
1433 914 1497 948 955

272 970 434 1022 φεύγειν
461 974 658 1022 προφωνῶ
686 972 798 1011 πᾶσι·
838 970 1050 1021 θηρεύουσι
1074 970 1149 1021 γὰρ

272 1040 432 1086 σεμνοῖς
455 1037 652 1088 λόγοισιν,
682 1037 831 1089 αἰσχρὰ
855 1036 1143 1088 μηχανώμενοι.

271 1102 455 1153 τέθνηκεν
479 1103 561 1153 ἥδε·
599 1103 714 1143 τοῦτό
738 1101 777 1141 σ’
804 1102 1000 1143 ἐκσώσειν
1025 1105 1170 1148 δοκεῖς;

273 1171 315 1210 ἐν
339 1168 427 1223 τῷδ’
453 1170 601 1225 ἁλίσκῃ
627 1172 834 1215 πλεῖστον,
862 1167 891 1208 ὦ
918 1168 1078 1209 κάκιστε
1103 1167 1167 1208 σύ·

272 1239 377 1276 ποῖοι
403 1237 477 1287 γὰρ
503 1236 610 1287 ὅρκοι
637 1236 879 1287 κρείσσονες,
906 1236 1010 1277 τίνες
1034 1236 1150 1286 λόγοι
1434 1239 1497 1280 960

272 1301 383 1352 τῆσδ’
408 1301 457 1342 ἂν
481 1301 648 1354 γένοιντ’
675 1301 735 1348 ἄν,
762 1303 866 1343 ὥστε
891 1301 930 1341 σ’
957 1303 1086 1342 αἰτίαν
1111 1304 1274 1354 φυγεῖν,·

270 1371 403 1419 μισεῖν
428 1385 476 1409 σε
501 1367 648 1421 φήσεις
673 1367 789 1418 τήνδε
815 1368 878 1408 καὶ
903 1368 947 1407 τὸ
972 1367 1017 1417 δὴ
1044 1368 1161 1409 νόθον
1210 1388 1213 1391 ·

270 1439 353 1477 τοῖς
377 1436 581 1487 γνησίοισι
608 1434 799 1485 πολέμιον
823 1433 1054 1486 πεφυκέναι·

271 1501 391 1552 κακὴν
417 1501 475 1553 ἄρ’
501 1500 620 1552 αὐτὴν
649 1502 820 1554 ἔμπορον
845 1502 937 1552 βίου
960 1500 1104 1553 λέγεις,

249 1569 303 1624 ῥεἰ
328 1569 538 1622 δυσμενείᾳ
563 1574 616 1625 σῇ
643 1569 691 1608 τὰ
717 1567 876 1621 φίλτατ’
901 1568 1066 1608 ὤλεσεν.
1433 1571 1494 1612 965

271 1634 361 1674 ἀλλ’
382 1635 433 1677 ὡς
457 1634 501 1675 τὸ
525 1638 657 1686 μῶρον
683 1634 875 1686 ἀνδράσιν
898 1636 971 1685 μὲν
996 1633 1063 1674 οὐκ
1090 1633 1158 1680 ἔνι,
1380 1652 1433 1677 v

270 1699 428 1752 γυναιξὶ
452 1700 485 1741 δ’
513 1700 755 1753 ἐμπέφυκεν,·
794 1700 864 1741 οἶδ’
889 1701 967 1753 ἐγὼ
992 1700 1115 1746 νέους,

269 1766 381 1807 οὐδὲν
404 1771 599 1819 γυναικῶν
626 1769 743 1810 ὄντας
768 1767 1110 1819 ἀσφαλεστέρους,

270 1833 364 1873 ὅταν
388 1832 535 1890 ταράξῃ
562 1834 712 1886 Κύπρις
734 1833 904 1885 ἡβῶσαν
928 1833 1069 1886 φρένα·

268 1898 312 1939 τὸ
337 1899 369 1940 δ’
393 1899 516 1951 ἄρσεν
541 1900 678 1942 αὐτοὺς
704 1900 857 1953 ὠφελεῖ
878 1901 1178 1952 προσκείμενον.
1430 1910 1494 1944 970

212 1992 277 2031 946
301 1992 457 2030 ἐλήλυθας
474 1993 568 2024 codd.
590 1998 623 2023 et
640 1997 683 2027 2:
711 1992 853 2031 ἐλήλυθα
871 1992 1050 2032 Musgrave
1204 2001 1269 2031 950
1293 1991 1448 2031 πυθοίμην
1463 1990 1494 2021 Α

169 2039 204 2065 et
227 2039 305 2065 ante
329 2045 391 2066 ras.
412 2035 444 2065 M
459 2036 498 2077 (ἓ)
675 2046 750 2076 952,
768 2046 831 2075 953
857 2037 958 2068 σίτοις
981 2049 1035 2068 νυν
1056 2037 1147 2075 αὔχει
1164 2036 1215 2067 καὶ
1235 2059 1241 2065 .
1264 2060 1270 2066 .
1290 2059 1296 2067 .
1316 2036 1370 2066 ἰὼν
1388 2035 1495 2074 (δόξαν

169 2077 366 2118 Wecklein)
383 2079 536 2116 καπήλευ’
555 2078 674 2111 Nauck
805 2088 870 2118 953
894 2080 1011 2114 σίτοιςῙ
1031 2080 1124 2119 σιγὰς
1139 2079 1263 2109 Goram
1352 2077 1495 2119 Ὀρφέως

169 2121 281 2153 ἄνακτ’
301 2120 333 2150 Μ
351 2121 482 2162 (’ορφέ’
501 2124 540 2155 ὡς
557 2123 618 2160 M2)
774 2131 837 2161 954
862 2126 983 2154 πολιῶν
1001 2121 1178 2161 Musgrave
1291 2124 1421 2154 καπνοῖς
1439 2121 1471 2151 Μ
1487 2133 1492 2151 ;

171 2173 256 2195 corr.
276 2163 322 2193 M²
438 2165 502 2203 956
527 2165 713 2207 θηρεύσουσι
731 2164 763 2195 Μ
882 2166 947 2205 958
972 2164 1123 2205 ἐκσώζειν
1138 2164 1171 2194 Α
1285 2166 1347 2204 961
1373 2164 1493 2205 γένοιτ’

171 2206 203 2237 Μ
218 2207 244 2237 Ρ
255 2207 301 2245 (Ι)
315 2206 360 2248 Ο)
448 2209 512 2245 962
528 2211 634 2247 μισεῖν
649 2222 689 2249 ’γε
704 2208 730 2238 Ρ
743 2213 776 2239 et
793 2209 866 2238 sine
883 2208 984 2239 dubio
999 2208 1025 2238 L
1040 2219 1047 2238 t
1071 2209 1178 2239 cot-nl
1268 2210 1332 2247 963
1348 2208 1494 2248 γνησίοις

170 2262 228 2282 σου
254 2250 280 2280 Ρ
431 2251 496 2290 965
528 2252 547 2289 ἡ
571 2251 740 2292 δυσ-γένεια
764 2252 805 2289 σὴ
832 2252 888 2282 M:
919 2253 938 2290 ὴ
963 2251 1132 2290 δυσμένεια
1157 2252 1198 2290 σὺ
1226 2251 1291 2282 Μἰῑ
1325 2251 1494 2291 δυσγένεια

168 2306 218 2334 γρ.
249 2304 269 2324 v
421 2296 462 2325 τὰ
489 2294 570 2334 φίλα
595 2295 625 2326 τ’
653 2293 696 2324 Α2
723 2294 755 2324 in
784 2304 847 2325 ras.
1007 2295 1175 2327 ἀπώλεσεν
1201 2294 1272 2325 VN
1302 2299 1336 2325 et
1365 2299 1400 2324 ut
1427 2294 1492 2325 vid.

170 2337 323 2376 primitus
349 2337 375 2366 L
