1683 2732
640 83 1030 122 ΗΡΑΚΛΕΙΔΑΙ

240 216 248 225 .
269 183 314 225 οὐ
336 184 541 236 βούλομαί
563 201 611 225 σε
636 185 811 235 πόλεμον
837 185 1032 237 Ἀργείοις
1058 186 1179 238 ἔχειν.

241 282 249 292 .
268 251 374 303 κάγὼ
398 255 584 293 τοιοῦτος·
621 254 743 291 τῶνδε
767 250 801 290 δ’
827 251 872 290 οὐ
895 250 1130 302 μεθήσομαι.

240 348 248 357 .
269 316 349 367 ἄξω
375 334 421 369 γε
443 316 576 368 μέντοι
601 316 692 358 τοὺς
717 316 833 367 ἐμοὺς
859 317 936 369 ἐγὼ
961 318 1116 368 λαβών.

243 383 335 424 ,οὐκ
360 382 420 435 ἆρ’
446 384 485 425 ἐς
503 381 651 436 ’Άργος
673 383 814 436 ῥᾳδίως
838 382 928 423 ἄπει
954 383 1086 424 πάλιν.

241 481 248 490 .
270 449 509 501 πειρώμενος
534 448 580 499 δὴ
605 449 722 489 τοῦτό
745 448 782 501 γ’
808 449 929 490 αὐτίκ’
955 451 1124 501 εἵσομαι.

244 548 252 557 .
271 516 418 556 κλαίων
444 515 503 568 ἄρ’
529 514 616 571 ἅψῃ
641 518 763 556 τῶνδε
790 515 879 555 κούκ
905 517 945 558 ἐς
970 516 1166 567 ἀμβολάς.

239 614 247 622 .
274 582 326 633 μὴ
353 581 450 635 πρὸς
475 584 575 622 θεῶν
601 580 745 635 κήρυκα
768 580 973 639 τολμήσῃς
999 585 1138 623 θενεῖν.

244 680 251 689 .
270 649 303 689 εἰ
326 647 378 700 μή
404 647 440 700 γ’
467 648 487 687 ὁ
514 647 636 700 κῆρυξ
657 652 882 701 σωφρονεῖν
905 648 1139 700 μαθήσεται.

239 746 247 755 .
272 714 436 755 ἄπελθε·
475 715 537 755 καὶ
563 714 613 755 σὺ
637 718 749 756 τοῦδε
772 715 824 766 μὴ
851 717 976 772 θίγῃς,
1004 714 1114 766 ἄναξ.

243 813 251 822 .
274 783 435 835 στείχω·
472 783 563 832 μιᾶς
588 783 663 834 γὰρ
687 782 820 836 χειρὸς
845 782 1016 833 ἀσθενὴς
1040 782 1161 836 μάχη.

275 847 355 898 ἥξω
381 850 422 888 δὲ
447 848 604 898 πολλὴν
623 847 765 900 ’Άρεος
790 848 969 901 Ἀργείου
993 850 1135 900 λαβὼν

275 914 512 967 πάγχαλκον
537 914 685 968 αἰχμὴν
704 918 828 967 δεῦρο.
899 916 1027 967 μυρίοι
1051 915 1094 956 δέ
1115 933 1164 966 με

274 980 463 1032 μένουσιν
488 981 733 1033 ἀσπιστῆρες
759 980 983 1033 Εὐρυσθεύς
1007 980 1040 1021 τ’
1065 980 1167 1032 ἄναξ

277 1047 392 1089 αὐτὸς
418 1050 663 1099 στρατηγῶν·
701 1046 897 1087 Ἀλκάθου
923 1046 955 1086 δ’
982 1047 1041 1088 ἐπ’
1069 1047 1255 1101 ἐσχάτοις

280 1116 503 1165 καραδοκῶν
529 1112 715 1154 τάνθένδε
739 1112 929 1165 τέρμασιν
954 1112 1075 1164 μένει.

277 1179 458 1231 λαμπρὸς
483 1179 516 1219 δ’
541 1179 712 1221 ἀκούσας
737 1178 814 1229 σὴν
838 1181 956 1231 ὕβριν
982 1179 1206 1232 φανήσεται

279 1247 345 1287 σοὶ
371 1247 433 1286 καὶ
459 1247 639 1288 πολίταις
664 1252 715 1303 γῇ
739 1263 781 1287 τε
805 1250 895 1303 τῇδε
922 1247 983 1286 καὶ
1009 1251 1160 1299 φυτοῖς·

277 1312 403 1363 μάτην
428 1314 502 1365 γὰρ
528 1313 634 1364 ἥβην
659 1310 735 1353 ὧδέ
758 1312 794 1365 γ’
820 1312 868 1353 ἂν
895 1314 1111 1369 κεκτῄμεθά

279 1379 433 1429 πολλὴν
459 1380 502 1420 ἐν
521 1378 672 1431 “Ἀργει,
699 1378 751 1430 μή
778 1397 826 1420 σε
849 1380 1141 1431 τιμωρούμενοι.

181 1449 254 1497 Δη.
274 1446 450 1499 φθείρου·
488 1445 532 1486 τὸ
557 1445 630 1486 σὸν
655 1447 729 1498 γὰρ
748 1444 898 1499 ’Ἄργος
922 1445 966 1485 οὐ
990 1445 1129 1486 δέδοικ’
1156 1444 1246 1498 ἐγώ.

181 1744 252 1782 xo.

280 1512 436 1554 ἐνθένδε
461 1512 494 1552 δ’
520 1512 587 1552 οὐκ
613 1512 779 1564 ἔμελλες
804 1513 997 1566 αἰσχύνας
1023 1514 1090 1563 ἐμὲ

277 1578 386 1630 ἄξειν
409 1580 483 1633 βίᾳ
507 1579 655 1620 τούσδ”
693 1580 737 1620 οὐ
761 1581 836 1631 γὰρ
861 1579 1053 1632 Ἀργείων
1079 1578 1194 1620 πόλει

279 1645 452 1696 ὑπήκοον
477 1645 582 1696 τήνδ’
609 1645 701 1686 ἀλλ’
727 1645 939 1699 ἐλευθέραν
965 1646 1057 1699 ἔχω.

346 1740 426 1792 ὥρα
451 1744 646 1792 προνοεῖν,
673 1741 765 1792 πρὶν
790 1741 894 1793 ὅροις
918 1739 1094 1782 πελάσαι

349 1807 519 1858 στρατὸν
545 1808 747 1859 Ἀργείων·

348 1873 456 1924 μάλα
481 1873 513 1913 δ’
539 1872 629 1924 ὀξὺς
648 1873 772 1926 ’Ἄρης
798 1875 817 1913 ὁ
844 1874 1095 1924 Μυκηναίων,

350 1941 414 1980 ἐπὶ
440 1944 544 1981 τοῖσι
569 1942 609 1981 δὲ
636 1940 680 1990 δὴ
706 1944 863 1991 μᾶλλον
888 1940 941 1980 ἔτ’
968 1937 990 1990 ἢ
1017 1940 1120 1992 πρίν.

351 2009 451 2047 πᾶσι
475 2008 549 2059 γὰρ
575 2007 688 2049 οὗτος
714 2006 848 2059 κήρυξι
871 2008 1001 2058 νόμος,

352 2072 409 2115 δὶς
433 2074 534 2113 τόσα
560 2077 730 2126 πυργοῦν
754 2077 830 2114 τῶν
856 2072 1114 2126 γιγνομένων.

353 2140 461 2179 πόσα
487 2157 546 2180 νιν
570 2139 701 2190 λέξειν
726 2143 945 2191 βασιλεῦσι
971 2142 1110 2183 δοκεῖς,

1435 190 1496 231 265

1439 857 1499 894 275

1440 1183 1502 1215 280

1441 1516 1503 1554 285

1446 1884 1507 1915 290

231 2233 290 2269 27'1
327 2229 427 2263 θένειν
455 2231 517 2262 LP
685 2243 748 2272 279
779 2232 866 2272 μένει
883 2233 913 2261 l:
946 2232 1051 2271 μένειν
1078 2230 1140 2260 LP
1313 2230 1375 2259 282
1406 2228 1505 2267 ἥβην]

188 2276 278 2316 ὕβριν
296 2273 322 2304 Ρ
447 2276 630 2315 κεκτῶμεθα
648 2276 673 2306 L
687 2275 731 2307 P:
758 2285 841 2305 corr.
865 2275 998 2305 Brunck
1168 2274 1231 2310 285
1259 2273 1381 2304 ἐνθένδε
1400 2273 1426 2302 δ’
1447 2271 1484 2300 Ι,’-’
1500 2283 1506 2300 ε

189 2317 307 2350 ἐνθένδ’
327 2317 352 2347 L
366 2317 391 2347 P
555 2319 618 2348 286
641 2318 737 2351 πόλιν
756 2318 904 2357 Elmsley
1071 2318 1134 2355 289
1160 2315 1272 2346 Malim
1291 2315 1444 2356 Ἀργεῖον,
1467 2314 1506 2344 ob

189 2373 218 2392 v.
238 2366 435 2400 sequentem
