1651 2780
583 79 932 118 ΕΎΡΙΠῘΔΟΎ

189 183 251 223 καὶ
275 183 352 235 μὴν
377 185 490 226 τύποι
516 202 561 237 γε
588 185 811 238 σφενδόνης
836 183 1091 238 χρυσηλάτου

187 252 256 300 τῆς
281 250 406 291 οὐκέτ’
432 252 554 302 οὔσης
578 253 700 302 τῆσδε
725 254 1023 305 προσσαίνουσί
1042 270 1103 304 με.

187 316 289 369 φέρ’,
318 316 497 370 ἐξελίξας
523 321 743 371 περιβολὰς
769 318 1089 372 σφραγισμάτων

185 385 254 424 ἴδω
279 386 320 425 τί
341 384 453 436 λέξαι
479 385 617 427 δέλτος
642 386 711 436 ἥδε
734 403 801 437 μοι
827 386 946 427 θέλει.
1353 392 1415 432 865

85 453 157 491 Χο.
178 478 235 483 —
254 454 330 503 φεῦ
355 455 443 505 φεῦ·
480 451 560 492 τόδ’
588 452 635 492 αὗ
671 452 842 506 νεοχμὸν
869 455 1050 507 ἐκδοχαῖς

253 518 433 571 ἐπιφέρει
459 519 546 561 θεὸς
574 520 703 560 κακόν.
776 521 860 570 ἐμοὶ
883 522 954 571 μὲν
980 520 1048 561 οὖν

251 586 414 636 ἀβίοτος
438 586 531 637 βίου
555 586 657 639 τύχα
681 581 807 638 ’Ϋπρὸς
833 585 876 626 τὸ
904 586 1082 639 κρανθέν·
1122 587 1181 638 εἴη
1208 583 1383 642 τυχεῖνίῖ

103 678 161 684 —
254 651 467 704 ὀλομένους
492 651 577 705 γάρ,
608 652 732 693 οὐκέτ’
757 654 872 695 ὄντας
897 653 1015 706 λέγω,

250 722 326 771 φεῦ
350 722 438 771 φεῦ,
470 723 548 760 τῶν
573 720 677 771 ἐμῶν
701 718 900 772 τυράννων
926 720 1079 771 δόμους.
1352 726 1415 768 870

102 811 160 817 —
185 783 214 825 ὦ
242 788 391 837 δαῖμον,
420 788 456 827 εἴ
479 803 561 828 πως
585 787 685 833 ἔστι,
712 786 764 838 μὴ
792 787 953 844 σφήλῃς
978 788 1132 838 δόμους,

182 852 413 904 αἰτουμένης
437 855 479 894 δὲ
506 855 624 894 κλῦθί
644 870 730 904 μου·
769 854 866 906 πρὸς
891 853 964 907 γάρ
991 871 1096 897 τινος

182 919 321 960 οἰωνὸν
348 920 452 960 ὥστε
478 918 616 970 μάντις
642 921 784 973 εἰσορῶ
812 924 943 962 κακοῦ.

81 988 159 1036 Θη.
181 987 297 1037 οἴμοι·
336 986 415 1026 τόδ’
442 987 524 1027 οἷον
551 985 653 1027 ἄλλο
679 987 775 1039 πρὸς
801 991 903 1042 κακῷ
930 989 1061 1035 κακόν,

181 1052 225 1093 οὐ
248 1052 395 1104 τλητὸν
420 1053 508 1094 οὐδὲ
533 1054 688 1094 λεκτόν.
761 1051 790 1094 ὦ
816 1053 938 1096 τάλας
964 1056 1055 1108 ἐγώ.
1348 1059 1413 1100 875

79 1122 150 1159 Χο.
179 1121 220 1160 τί
240 1122 391 1173 χρῆμα,·
428 1119 562 1171 λέξον,
591 1122 627 1161 εἴ
650 1122 691 1161 τί
711 1138 777 1172 μοι
801 1121 925 1174 λόγου
948 1121 1061 1173 μέτα.

79 1189 155 1237 Θη.
245 1192 327 1242 βοᾷ
350 1191 431 1243 βοᾷ
456 1186 593 1230 δέλτος
617 1187 789 1229 ἄλαστα.
860 1193 916 1244 πᾷ
941 1189 1055 1242 φύγω

246 1252 372 1306 βάρος
398 1258 546 1301 κακῶν,·
585 1253 662 1296 ἀπὸ
688 1256 762 1307 γὰρ
788 1255 979 1307 ὀλόμενος
1004 1257 1176 1310 οἴχομαι,

245 1321 329 1362 οῖον
354 1322 436 1363 οῖον
463 1321 568 1363 εἶδον
596 1317 666 1374 [ἐν]
692 1326 866 1375 γραφαῖς
889 1321 1011 1375 μέλος

313 1390 589 1442 φθεγγόμενον
614 1387 786 1440 τλάμων.
1349 1394 1411 1425 880

77 1457 150 1495 Χο.
177 1456 270 1501 αἰαῖ,
300 1459 427 1496 κακῶν
453 1455 632 1510 ἀρχηγὸν
659 1457 859 1509 ἐκφαίνεις
883 1457 1018 1510 λόγον.

78 1523 156 1572 Θη.
243 1524 332 1563 τόδε
355 1525 428 1573 μὲν
453 1523 583 1564 οὐκέτι
609 1525 808 1575 στόματος
834 1525 876 1565 ἐν
901 1524 1044 1566 πύλαις

246 1588 396 1640 καθέξω
423 1590 728 1642 δυσεκπέρατον,
756 1580 874 1631 ὀλοὸν

313 1657 443 1697 κακόν·
483 1658 526 1698 ἰὼ
554 1658 681 1699 πόλις.

178 1722 412 1765 Ἱππόλυτος
438 1724 550 1774 εὐνῆς
575 1727 644 1775 τῆς
671 1725 766 1775 ε’μῆς
791 1725 885 1775 ἔτλη
913 1727 1038 1776 θιγεῖν
1347 1727 1407 1767 885

179 1791 261 1845 βίᾳ,
289 1790 334 1830 τὸ
361 1791 508 1841 σεμνὸν
535 1791 662 1841 Ζηνὸς
688 1791 776 1842 ὄμμ’
803 1791 1011 1843 ἀτιμάσας.

119 1882 182 1921 863
206 1881 324 1923 τῆσδε]
340 1883 404 1914 οἵδε
421 1882 648 1914 Wilamowitz
747 1884 810 1923 865
837 1887 891 1916 ÷÷5÷
905 1884 940 1924 L,
957 1894 1042 1914 corr.
1061 1883 1073 1913 l
1169 1883 1236 1913 866
1260 1885 1408 1924 ἐνδοχαΐς

76 1923 118 1954 Β2
228 1926 290 1964 867
317 1924 458 1967 ἐπιφέρει
478 1925 510 1956 Μ
522 1926 553 1956 Α
565 1926 596 1957 Ο
608 1931 631 1960 Σ
648 1927 697 1968 (ut
710 1928 793 1967 vid.)
811 1939 818 1957 Ξ
836 1926 1018 1968 ἐπεισφέρει
1033 1926 1060 1956 Β
1070 1926 1102 1957 V
1113 1926 1139 1956 L
1151 1925 1177 1956 P
1189 1926 1219 1956 N
1308 1927 1407 1958 κακόν

75 1978 138 1998 om.
162 1968 226 1998 LP
402 1969 467 1999 868
491 1970 631 2007 ἀβίωτος
647 1971 768 2002 ABV.
817 1970 945 2002 Ultima
960 1970 1063 2001 verba
1085 1975 1262 2009 corrupta:
1286 1970 1406 2000 eadem
1447 2000 1453 2007 ,

76 2011 191 2043 habuit
207 2016 251 2045 2:
276 2012 372 2053 τύχα·
397 2014 473 2055 πρὸς
496 2014 534 2045 τὸ
552 2013 686 2055 κρανθὲν
702 2014 729 2046 δ’
747 2014 996 2045 Wilamowitz:
1024 2013 1166 2044 sortasse
1186 2015 1226 2045 ἵει
1249 2014 1276 2045 δ’
1295 2013 1405 2053 εὐχᾶν.

75 2055 124 2085 Cf.
145 2056 218 2095 871,
238 2061 272 2087 et
290 2056 339 2086 El.
360 2066 423 2095 592
553 2057 702 2096 871—873
728 2058 760 2089 ἔν
777 2070 862 2090 τισιν
879 2060 914 2090 οὐ
931 2057 1081 2099 φέρονται
1099 2056 1185 2089 οὗτοι
1202 2061 1226 2090 Σ
1239 2056 1279 2088 Β.
1330 2055 1405 2088 Del.

76 2098 196 2129 Nauck
342 2101 403 2139 871
440 2100 570 2143 σφάλῃς
598 2100 673 2131 ΜΑ
785 2101 882 2141 δόμον
908 2101 935 2131 Β
1081 2101 1144 2140 872
1176 2099 1226 2140 δὲ]
1251 2102 1315 2141 ’γὰρ
1339 2100 1404 2130 LP

74 2143 137 2181 873
171 2144 288 2175 οἰωνῶν
316 2143 405 2174 VM¹
437 2148 495 2180 (ex
526 2147 626 2177 corr.)
655 2149 680 2179 Σ
780 2147 878 2177 κακοῦ
911 2145 937 2175 L
950 2144 1048 2174 PB²=
1082 2144 1180 2176 κακόν
1212 2143 1244 2173 Μ
1258 2143 1404 2177 AVB}

73 2186 136 2224 875
162 2186 226 2217 del.
248 2187 478 2219 Wilamowitz
593 2189 655 2227 877
680 2191 726 2231 πᾷ
743 2187 838 2219 ΜΑ;
864 2191 924 2220 ποῦ
950 2187 1095 2218 BVLP
1218 2188 1283 2226 878
1307 2188 1405 2220 κακὸν

75 2229 102 2258 Β
116 2229 142 2259 Ρ
267 2232 331 2270 879
357 2234 390 2263 ἐν
407 2232 472 2263 del.
491 2231 721 2263 Wilamowitz
847 2232 911 2262 880
933 2232 1066 2271 τλήμων
1084 2231 1110 2261 Β
1122 2231 1153 2261 V
1165 2231 1209 2262 P:
1233 2233 1359 2270 τλῆμον
1377 2230 1403 2261 L

73 2273 137 2303 882
153 2272 221 2306 τόδ’
241 2275 316 2314 ἐμὸν
335 2274 366 2304 Μ
381 2274 411 2305 O
423 2285 443 2305 v
571 2276 635 2314 883
660 2275 918 2317 δυσεκπέραντον
936 2274 1012 2304 ΜΟ
1124 2275 1198 2314 883,
1216 2275 1280 2313 884
1305 2274 1402 2306 ὀλοὸν

74 2320 108 2346 et
132 2316 226 2350 πόλις
249 2318 355 2348 semel
382 2318 476 2349 MA:
510 2319 560 2350 bis
585 2318 729 2350 BVLP
897 2319 959 2357 884
994 2320 1027 2350 ἶὼ
1054 2318 1226 2358 Elmsley:
1256 2319 1279 2349 ὣ
1305 2317 1401 2349 codd.

73 2360 137 2399 885
162 2363 221 2398 Τῆς
240 2363 316 2400 ἐμῆς
334 2364 425 2399 εὐνῆς
441 2363 470 2392 V
484 2362 508 2392 L
522 2362 547 2392 P
565 2364 667 2401 (corr.
689 2363 713 2403 l)
