1683 2732
735 97 939 134 EKABH

279 201 441 241 σύνισθι
464 202 537 251 μὲν
561 200 648 253 γάρ,
674 199 723 250 ἤν
746 217 783 239 τι
807 200 1019 250 βουλεύσω)
1047 200 1165 240 κακὸν
1435 206 1501 243 870

277 271 329 321 τῷ
354 266 457 307 τόνδ’
484 267 770 311 ἀποκτείναντι,
799 265 1023 321 συνδράσῃς
1048 269 1090 307 δὲ
1114 266 1180 316 μή.

276 330 324 383 ἢν
348 332 380 373 δ’
407 331 452 382 ἐξ
472 332 646 385 Ἀχαιῶν
670 332 840 384 θόρυβος
864 328 887 381 ἢ
913 330 1106 383 ’πικουρία

277 399 505 452 πάσχοντος
530 398 669 450 ἀνδρὸς
696 397 853 454 Θρῃκὸς
878 398 940 438 οἷα
965 399 1146 438 πείσεται

278 471 384 522 φανῇ
410 482 480 512 τις,
509 465 614 518 εἶργε
637 464 689 516 μὴ
716 467 842 505 δοκῶν
868 464 966 515 ἐμὴν
991 464 1119 518 χάριν.

277 534 326 572 τὰ
350 531 382 573 δ’
407 530 889 584 ἄλλα-θάρσει-πάντ’
917 533 994 584 ἐγὼ
1020 530 1130 581 θήσω
1157 534 1296 573 καλῶς.
1441 537 1502 577 875

177 601 252 651 Αγ.
278 603 359 641 πῶς
384 599 469 645 οῧν;
506 600 547 640 τί
567 598 744 650 δράσεις,·
782 598 927 650 πότερα
953 597 1163 650 φάσγανον
1187 598 1275 650 χερὶ

277 669 464 716 λαβοῦσα
488 667 606 719 γραίᾳ
632 669 745 718 φῶτα
769 664 982 716 βάρβαρον
1009 668 1166 710 κτενεῖς,

277 729 300 782 ἦ
326 731 594 784 φαρμάκοισιν
617 728 640 782 ἢ
667 731 859 785 ’πικουρίᾳ
884 731 979 778 τινί;

275 799 333 840 τίς
360 815 424 838 σοι
449 797 635 848 ξυνέσται
659 799 767 851 χείρ;
807 798 928 838 πόθεν
955 796 1077 855 κτήσῃ
1105 798 1266 851 φίλουςί

177 868 246 905 Εκ.
275 864 416 917 στέγαι
442 863 643 905 κεκεύθασ’
669 865 752 905 αἵδε
777 864 975 919 Τρῳάδων
1000 866 1136 918 ὄχλον.
1442 869 1502 900 880

176 934 250 984 Αγ.
276 933 345 973 τὰς
369 932 643 985 αἰχμαλώτους
671 931 795 977 εἶπας,
822 930 1031 982 Ἑλλήνων
1055 930 1198 983 ἄγραν;

178 1001 249 1037 Εκ.
276 997 349 1038 σὺν
374 1001 513 1038 ταῖσδε
536 997 605 1038 τὸν
631 997 724 1048 ἐμὸν
751 997 876 1050 φονέα
901 996 1184 1049 τιμωρήσομαι.

178 1067 251 1116 Αγ.
278 1064 340 1104 καὶ
365 1068 447 1106 πῶς
470 1063 647 1117 γυναιξὶν
673 1064 854 1116 ἀρσένων
879 1064 993 1105 ἕσται
1018 1064 1174 1116 κράτος;

177 1134 247 1170 Εκ.
274 1130 403 1171 δεινὸν
427 1130 472 1171 τὸ
497 1134 650 1182 πλῆθος
676 1131 750 1171 σὺν
776 1131 878 1186 δόλῳ
904 1147 946 1171 τε
971 1132 1188 1184 δύσμαχον.

178 1200 251 1249 Αγ.
278 1198 418 1238 δεινόν·
457 1196 501 1237 τὸ
525 1197 660 1249 μέντοι
685 1199 785 1247 θῆλυ
810 1197 1017 1250 μέμφομαι
1041 1197 1166 1250 γένος.
1440 1202 1503 1241 885

178 1267 249 1304 Εκ.
274 1265 315 1304 τί
335 1264 386 1310 δ’;
425 1263 469 1304 οὐ
493 1268 674 1316 γυναῖκες
699 1265 807 1304 εἶλον
833 1264 1033 1316 Αἰγύπτου
1058 1264 1175 1305 τέκνα

278 1331 339 1370 καὶ
367 1333 526 1381 Λῆμνον
552 1331 673 1384 ἄρδην
700 1330 879 1383 ἀρσένων
905 1330 1118 1385 ἐξῴκισαν;

277 1397 368 1437 ἀλλ’
393 1398 445 1440 ὣς
470 1397 662 1450 γενέσθω·
704 1399 817 1438 τόνδε
841 1400 914 1448 μὲν
937 1397 1052 1449 μέθες
1074 1399 1210 1450 λόγον,

278 1463 441 1516 πέμψον
465 1464 507 1505 δέ
531 1481 598 1515 μοι
622 1464 728 1515 τήνδ’
755 1465 952 1516 ἀσφαλῶς
978 1466 1041 1504 διὰ
1066 1468 1236 1517 στρατοῦ

226 1546 232 1550 '
277 1532 579 1583 γυναῖκά-καὶ
605 1531 656 1572 σὺ
682 1531 811 1587 Θρῃκὶ
838 1533 1037 1572 πλαθεῖσα
1061 1530 1158 1586 ξένῳ
1440 1536 1503 1576 890

276 1596 407 1647 λέξον·
447 1601 576 1639 Καλεΐ
599 1597 636 1637 (τ’
663 1598 823 1638 ἄνασσα
847 1597 893 1648 δή
917 1597 1003 1637 ποτ’
1028 1596 1149 1638 Ἰλίου

275 1663 443 1715 Ἑκάβη,
471 1664 545 1705 σὸν
572 1665 640 1705 οὐκ
665 1665 846 1706 ἔλασσον
869 1661 892 1714 ἦ
920 1665 1049 1715 κείνης
1072 1664 1201 1717 χρέος,

279 1731 340 1771 καὶ
366 1735 520 1774 παῖδας·
558 1732 608 1774 ὡς
634 1735 694 1772 δεῖ
718 1733 781 1773 καὶ
806 1730 908 1772 τέκν’
935 1731 1078 1771 εἰδέναι
1101 1732 1246 1783 λόγους

274 1798 363 1840 τοὺς
388 1798 435 1849 ἐξ
455 1798 748 1849 ἐκείνης.-τὸν
773 1800 814 1839 δὲ
839 1801 907 1849 τῆς
932 1802 1180 1850 νεοσφαγοῇς

277 1863 507 1916 Πολυξένης
531 1867 710 1918 ἐπίσχες,
737 1864 1002 1918 Ἀγάμεμνον,
1028 1863 1170 1917 τάφον,
1440 1868 1501 1909 895

277 1932 328 1973 ὡς
353 1931 441 1971 τώδ’
467 1933 629 1985 ἀδελφὼ
655 1933 828 1983 πλησίον
851 1933 921 1986 μιᾷ
946 1932 1082 1984 φλογί,

238 1999 240 2002 ’
276 1998 396 2048 δισσὴ
422 1998 588 2051 μέριμνα
611 2000 738 2052 μητρί,
767 2001 991 2052 κρυφθῆτον
1016 1999 1142 2051 χθονί.

220 2092 280 2130 871
309 2090 486 2133 συνδράμης
504 2091 530 2121 Ρ
663 2093 726 2131 873
751 2093 873 2133 Θρῃκὸς
892 2090 957 2129 offa]
977 2089 1026 2122 οἷα
1042 2090 1103 2131 ’γάρ
1120 2103 1171 2130 μοι
1191 2089 1217 2119 L
1351 2089 1415 2127 878
1439 2089 1501 2120 τίνι

178 2134 209 2164 Μ
226 2135 253 2164 Β
385 2136 448 2173 879
473 2135 599 2175 ξύνεστι
618 2135 649 2165 Μ
667 2147 672 2165 :
699 2146 784 2165 corr.
806 2135 850 2164 Μ’
993 2135 1057 2163 880
1081 2132 1265 2165 κεκεύθουσ’
1285 2131 1333 2163 P:
1358 2132 1502 2164 κεύθουσ’

178 2179 227 2208 L:
251 2188 336 2209 corr.
356 2178 369 2207 l
470 2178 528 2209 ὧδε
547 2178 573 2208 Ρ
727 2180 788 2208 881
817 2179 905 2210 εἶπας
922 2188 986 2207 om.
1007 2177 1037 2206 A
1151 2178 1248 2217 ἄγρας
1267 2175 1299 2205 Μ
1319 2187 1326 2205 2
1351 2186 1435 2206 corr.
1456 2175 1502 2205 Μ2

176 2222 238 2259 885
265 2221 373 2253 σθένος
389 2221 500 2258 Jenne
641 2222 705 2252 888
728 2220 879 2262 γενέσθαι
899 2221 923 2250 L
940 2221 965 2250 P
980 2220 1018 2249 13²
1038 2221 1091 2251 (ὡς
1112 2220 1136 2250 L
1151 2219 1176 2249 P
1190 2220 1231 2254 B]
1333 2220 1398 2258 890
1421 2226 1501 2251 πλα-

177 2267 268 2296 θεῖσα
294 2264 367 2294 ΜΒ
384 2265 428 2294 P:
454 2267 637 2297 πλασθεΐσα
660 2264 779 2295 ALb:
816 2267 1028 2305 πλαγχθεῖσα
1055 2263 1100 2292 M2‘
1243 2264 1303 2302 891
1331 2263 1403 2304 πρίν
1431 2263 1501 2293 ποτ’

178 2308 329 2346 Elmsley
476 2309 538 2347 894
564 2309 685 2340 ἐκείνου
704 2308 734 2337 Μ
752 2309 778 2338 Β
792 2308 840 2338 O:
866 2318 950 2337 corr.
972 2306 1011 2336 Β2
1165 2307 1227 2345 897
1253 2307 1350 2344 δισσὴ
1367 2305 1500 2347 μέριμνα

179 2351 211 2381 Μ
225 2352 250 2381 Ρ
263 2351 299 2381 F²
316 2353 431 2389 (δισσὼ
450 2351 495 2381 Μ2
508 2352 545 2391 F)
563 2363 567 2380 :
593 2354 689 2393 δισσῇ
706 2352 838 2393 μερίμνῃ
857 2350 888 2380 Α
900 2350 926 2380 Β
940 2350 969 2379 O
983 2354 1006 2383 Σ
1022 2361 1027 2378 ῑ
1054 2351 1149 2387 δισσῆ
1167 2350 1300 2390 μερίμνα
1319 2349 1343 2379 L
1361 2361 1366 2379 ε
1393 2350 1499 2381 δισσαὶ

178 2394 322 2435 μέριμναι
341 2394 380 2424 Β·’
397 2405 439 2424 ex
456 2398 479 2428 Σ
497 2395 559 2425 alio
