1651 2780
573 134 925 172 ΕΥΡΙΠΙΔΟΥ

181 239 332 290 ποτῆρα
356 236 388 277 δ’
414 238 457 278 ἐν
481 238 666 291 χείρεσσι
693 238 875 279 κίσσινον
899 238 1043 288 λαβὼν

180 305 284 345 πίνει
307 306 497 355 μελαίνης
521 304 666 357 μητρὸς
693 305 860 356 εὔζωρον
883 304 994 356 μέθυ,

181 371 254 413 ἕως
278 370 458 423 ἐθέρμην’
484 371 603 412 αὐτὸν
630 372 849 424 ἀμφιβᾶσα
875 371 986 424 φλὸξ

180 439 299 479 οἴνου·
339 437 482 491 στέφει
507 441 548 479 δὲ
575 441 696 490 κρᾶτα
719 440 912 490 μυρσίνης
938 438 1098 480 κλάδοις

179 504 320 555 ἄμουσ’
346 506 538 545 ὑλακτῶν·
577 506 701 545 δισσὰ
727 504 758 545 δ’
784 504 831 555 ἧν
855 504 957 556 μέλη
986 506 1132 547 κλύειν·
1346 509 1408 552 760

180 570 200 611 ὃ
224 574 297 622 μὲν
322 573 396 624 γὰρ
419 570 497 628 ᾖδε,
524 575 600 611 τῶν
627 572 668 611 ἐν
695 570 890 622 Ἀδμήτου
916 576 1044 613 κακῶν

180 638 294 679 οὐδὲν
319 642 530 689 προτιμῶν,
558 637 706 678 οἰκέται
732 637 764 678 δ’
790 639 1002 689 ἐκλαίομεν

181 704 409 746 δέσποιναν·
447 706 554 756 ὄμμα
578 704 610 745 δ’
636 704 704 745 οὐκ
730 706 955 756 ἐδείκνυμεν
980 704 1078 760 ξένῳ

181 771 404 824 τέγγοντες·
435 770 636 823 ’Ἄδμητος
661 773 736 824 γὰρ
761 772 826 812 ὧδ’
853 774 1002 825 ἐφίετο.

182 839 245 879 καὶ
270 842 337 879 νῦν
363 839 440 891 ἐγὼ
465 840 536 889 μὲν
563 840 605 879 ἐν
630 839 812 890 δόμοισιν
838 841 956 880 ἑστιῶ
1354 843 1413 883 765

182 904 308 956 ξένον,
337 909 559 958 πανοῦργον
586 909 724 946 κλῶπα
749 906 812 946 καὶ
837 904 993 962 λῃστήν
1019 923 1118 953 τινα,

180 970 204 1022 ἢ
229 971 262 1011 δ’
288 973 330 1013 ἐκ
355 972 484 1023 δόμων
508 972 699 1024 βέβηκεν,
728 972 807 1012 οὐδ’
835 973 1072 1025 ἐφεσπόμην

182 1038 262 1079 οὐδ’
288 1038 464 1090 ἐξέτεινα
487 1039 600 1092 χεῖρ’,
628 1040 862 1090 ἀποιμώζων
888 1038 985 1090 ἐμὴν

183 1105 411 1152 δέσποιναν,
439 1105 462 1157 ἢ
487 1106 565 1157 ’μοὶ
591 1108 697 1147 πᾶσί
718 1106 750 1145 τ’
777 1106 996 1147 οἰκέταισιν
1021 1105 1071 1157 ἦν

181 1171 320 1225 μήτηρ·
358 1177 486 1214 κακῶν
511 1174 587 1226 γὰρ
611 1173 758 1225 μυρίων
786 1173 956 1225 ἐρρύετο,
1350 1182 1412 1217 770

181 1241 302 1293 ὀργὰς
324 1239 581 1291 μαλάσσουσ’
609 1241 762 1293 ἀνδρός.
835 1240 910 1292 ἆρα
933 1240 1003 1281 τὸν
1028 1239 1143 1290 ξένον

185 1311 318 1359 στυγῶ
344 1308 512 1353 δικαίως,
539 1308 583 1348 ἐν
608 1311 739 1349 κακοῖς
766 1306 1007 1360 ἀφιγμένον,·

86 1377 161 1425 Hp.
183 1374 308 1420 οὗτος,
335 1374 374 1413 τί
397 1373 546 1425 σεμνὸν
571 1375 633 1414 καὶ
659 1373 924 1426 πεφροντικὸς
950 1372 1137 1424 βλέπεις,·

183 1440 228 1481 οὐ
252 1439 328 1495 χρὴ
356 1440 588 1493 σκυθρωπὸν
613 1444 694 1482 τοῖς
719 1439 846 1491 ξένοις
870 1440 938 1481 τὸν
964 1440 1199 1492 πρόσπολον

184 1507 297 1553 εἶναι,
324 1506 512 1561 δέχεσθαι
538 1507 570 1548 δ’
596 1507 879 1562 εὐπροσηγόρῳ
907 1508 1036 1559 φρενί.
1352 1517 1413 1551 775

185 1575 234 1615 σὺ
259 1573 292 1615 δ’
317 1573 423 1627 ἄνδρ’
449 1576 603 1626 ἑταῖρον
629 1574 826 1615 δεσπότου
851 1573 1014 1627 παρόνθ’
1041 1574 1154 1626 ὁρῶν,

186 1646 342 1696 στυγνῷ
368 1642 567 1696 προσώπῳ
596 1641 656 1682 καὶ
682 1640 1010 1696 συνωφρυωμένῳ

183 1708 294 1765 δέχῃ,
322 1709 481 1761 θυραίου
506 1707 683 1760 πήματος
710 1707 887 1758 σπουδὴν
913 1707 1030 1762 ἔχων.

185 1775 285 1827 δεῦρ’
311 1774 409 1821 ἔλθ’,
435 1776 542 1817 ὅπως
567 1775 615 1816 ἂν
642 1775 704 1816 καὶ
730 1775 958 1828 σοφώτερος
984 1773 1092 1830 γένῃ.

183 1844 232 1883 τὰ
257 1843 380 1893 θνητὰ
404 1841 599 1895 πράγματ’
626 1842 733 1884 οῖδας
758 1841 807 1893 ἣν
832 1842 916 1896 ἔχει
942 1841 1085 1893 φύσιν;
1353 1844 1414 1884 780

183 1909 290 1960 οἶμαι
313 1910 386 1960 μὲν
411 1909 468 1949 οὔ·
506 1909 628 1950 πόθεν
654 1908 748 1961 γάρ,·
787 1908 878 1949 ἀλλ’
903 1907 1019 1949 ἄκουέ
1042 1923 1130 1959 μου.

182 1980 345 2028 βροτοῖς
370 1976 496 2016 ἅπασι
523 1978 729 2016 κατθανεῖν
755 1976 975 2028 ὀφείλεται,

185 2042 276 2083 κούκ
301 2042 388 2083 ἔστι
414 2045 566 2093 θνητῶν
591 2044 702 2085 ὅστις
727 2041 981 2093 ἐξεπίσταται

182 2109 254 2160 τὴν
279 2109 412 2162 αὔριον
436 2109 669 2160 μέλλουσαν
696 2111 729 2150 εἰ
754 2109 963 2161 βιώσεται·

129 2202 191 2240 756
222 2202 369 2244 χείρεσσι
394 2202 445 2234 B:
477 2203 603 2244 χείρεσι
627 2202 697 2232 VL
712 2201 749 2232 P.
796 2201 854 2232 Nil
878 2200 1085 2232 mutandum.
1136 2199 1263 2230 Vocem
1288 2201 1414 2241 ποτῆρα

84 2245 199 2275 habuit
215 2249 240 2279 Σ
345 2256 408 2286 759
430 2247 583 2288 μυρσίνης
601 2246 744 2277 Canter:
769 2245 932 2286 μυρσίναις
949 2244 1046 2275 codd.
1138 2245 1211 2282 760,
1228 2244 1286 2281 761
1314 2243 1413 2274 δισσὰ

83 2289 112 2320 δ’
129 2312 136 2319 .
159 2312 166 2320 .
185 2313 193 2320 .
210 2288 267 2331 ᾖδε
282 2300 345 2320 om.
362 2290 388 2320 L
402 2290 427 2320 Ρ
442 2301 449 2320 1
473 2290 576 2320 add.l
685 2290 745 2328 767
772 2288 938 2328 ἐφεπόμην
950 2288 980 2318 V
1091 2288 1153 2326 769
1176 2287 1195 2324 ἡ
1209 2287 1271 2325 ’μοὶ
1282 2285 1411 2316 Wake-

84 2331 162 2363 field
178 2343 184 2361 :
213 2332 232 2369 ἥ
249 2346 300 2371 μοι
320 2333 415 2364 codd.
553 2333 616 2371 780
639 2333 725 2365 οἶδας
743 2331 839 2363 codd.
862 2331 957 2372 (οἶσθ’
977 2331 1003 2361 L
1022 2335 1110 2361 teste
1126 2328 1407 2367 Wilamowitzio)

84 2380 118 2406 et
135 2380 158 2409 Σ
175 2381 209 2406 et
227 2375 393 2408 Plutarch.
413 2375 539 2407 consol.
556 2377 599 2407 ad
612 2375 725 2416 Apoll.
743 2385 778 2408 11
905 2376 964 2414 781
991 2374 1092 2416 οἶμαι]
1111 2377 1192 2407 δοκῶ
1208 2371 1408 2404 Plutarchus

86 2420 147 2459 783
173 2419 264 2452 ἔστιν
281 2421 385 2452 αὐτῶν
402 2419 600 2451 Plutarchus
