<?xml version="1.0" encoding="UTF-8"?>
<!DOCTYPE html PUBLIC "-//W3C//DTD XHTML 1.0 Transitional//EN"
    "http://www.w3.org/TR/xhtml1/DTD/xhtml1-transitional.dtd">
<html xmlns="http://www.w3.org/1999/xhtml" xml:lang="en" lang="en">
 <head>
  <title>
</title>
<meta http-equiv="Content-Type" content="text/html;charset=utf-8" />
  <meta name='ocr-system' content='tesseract 3.04.00' />
  <meta name='ocr-capabilities' content='ocr_page ocr_carea ocr_par ocr_line ocrx_word'/>
</head>
<body>
  <div class='ocr_page' id='page_1' title='image "./euripidisfabulae01euriuoft_0300.png"; bbox 0 0 1651 2780; ppageno 0'>
   <div class='ocr_carea' id='block_1_1' title="bbox 636 104 981 150">
    <p class='ocr_par' dir='ltr' id='par_1_1' title="bbox 636 104 981 150">
     <span class='ocr_line' id='line_1_1' title="bbox 636 104 981 150; baseline -0.029 0"><span class='ocrx_word' id='word_1_1' title='bbox 636 104 981 150; x_wconf 70' lang='grc' dir='ltr'>ΕΥΡΙΠΙΔΟΥ</span> 
     </span>
    </p>
   </div>
   <div class='ocr_carea' id='block_1_2' title="bbox 250 210 1478 531">
    <p class='ocr_par' dir='ltr' id='par_1_2' title="bbox 250 210 1478 531">
     <span class='ocr_line' id='line_1_2' title="bbox 447 210 920 265; baseline -0.023 -6"><span class='ocrx_word' id='word_1_2' title='bbox 447 219 490 259; x_wconf 86' lang='grc' dir='ltr'>οὐ</span> <span class='ocrx_word' id='word_1_3' title='bbox 517 215 661 257; x_wconf 79' lang='grc' dir='ltr'>σπάνις</span> <span class='ocrx_word' id='word_1_4' title='bbox 687 210 920 265; x_wconf 76' lang='grc' dir='ltr'>εὐγενέταις,</span> 
     </span>
     <span class='ocr_line' id='line_1_3' title="bbox 317 268 1201 342; baseline -0.027 -11"><span class='ocrx_word' id='word_1_5' title='bbox 317 284 653 342; x_wconf 88' lang='grc' dir='ltr'>κηρυσσομένοισι</span> <span class='ocrx_word' id='word_1_6' title='bbox 677 280 708 321; x_wconf 87' lang='grc' dir='ltr'>δ’</span> <span class='ocrx_word' id='word_1_7' title='bbox 735 278 800 319; x_wconf 81' lang='grc' dir='ltr'>ἀπ’</span> <span class='ocrx_word' id='word_1_8' title='bbox 828 277 985 316; x_wconf 83' lang='grc' dir='ltr'>ἐσθλῶν</span> <span class='ocrx_word' id='word_1_9' title='bbox 1011 268 1201 321; x_wconf 81' lang='grc' dir='ltr'>δωμάτων</span> 
     </span>
     <span class='ocr_line' id='line_1_4' title="bbox 250 337 1218 410; baseline -0.028 -10"><span class='ocrx_word' id='word_1_10' title='bbox 250 359 342 410; x_wconf 80' lang='grc' dir='ltr'>τιμὰ</span> <span class='ocrx_word' id='word_1_11' title='bbox 368 355 430 396; x_wconf 87' lang='grc' dir='ltr'>καὶ</span> <span class='ocrx_word' id='word_1_12' title='bbox 457 351 583 394; x_wconf 85' lang='grc' dir='ltr'>κλέος·</span> <span class='ocrx_word' id='word_1_13' title='bbox 623 348 730 389; x_wconf 76' lang='grc' dir='ltr'>οὗτοι</span> <span class='ocrx_word' id='word_1_14' title='bbox 753 345 931 396; x_wconf 82' lang='grc' dir='ltr'>λείψανα</span> <span class='ocrx_word' id='word_1_15' title='bbox 955 343 1033 380; x_wconf 87' lang='grc' dir='ltr'>τῶν</span> <span class='ocrx_word' id='word_1_16' title='bbox 1060 337 1218 388; x_wconf 85' lang='grc' dir='ltr'>ἀγαθῶν</span> 
     </span>
     <span class='ocr_line' id='line_1_5' title="bbox 319 403 1478 475; baseline -0.028 -10"><span class='ocrx_word' id='word_1_17' title='bbox 319 425 469 475; x_wconf 86' lang='grc' dir='ltr'>ἀνδρῶν</span> <span class='ocrx_word' id='word_1_18' title='bbox 495 419 721 471; x_wconf 84' lang='grc' dir='ltr'>ἀφαιρεῖται</span> <span class='ocrx_word' id='word_1_19' title='bbox 746 411 902 465; x_wconf 82' lang='grc' dir='ltr'>χρόνος·</span> <span class='ocrx_word' id='word_1_20' title='bbox 941 409 965 448; x_wconf 87' lang='grc' dir='ltr'><strong>ἁ</strong></span> <span class='ocrx_word' id='word_1_21' title='bbox 991 404 1022 446; x_wconf 78' lang='grc' dir='ltr'>δ’</span> <span class='ocrx_word' id='word_1_22' title='bbox 1050 403 1168 456; x_wconf 81' lang='grc' dir='ltr'>ἀρετὰ</span> <span class='ocrx_word' id='word_1_23' title='bbox 1416 407 1478 438; x_wconf 84' lang='grc'>775</span> 
     </span>
     <span class='ocr_line' id='line_1_6' title="bbox 390 479 826 531; baseline -0.025 -2"><span class='ocrx_word' id='word_1_24' title='bbox 390 488 451 529; x_wconf 86' lang='grc' dir='ltr'>καὶ</span> <span class='ocrx_word' id='word_1_25' title='bbox 477 487 640 526; x_wconf 86' lang='grc' dir='ltr'>θανοῦσι</span> <span class='ocrx_word' id='word_1_26' title='bbox 664 479 826 531; x_wconf 86' lang='grc' dir='ltr'>λάμπει.</span> 
     </span>
    </p>
   </div>
   <div class='ocr_carea' id='block_1_3' title="bbox 264 591 1492 1128">
    <p class='ocr_par' dir='ltr' id='par_1_3' title="bbox 264 591 1492 1128">
     <span class='ocr_line' id='line_1_7' title="bbox 328 591 1483 675; baseline -0.028 -11"><span class='ocrx_word' id='word_1_27' title='bbox 328 625 515 675; x_wconf 86' lang='grc' dir='ltr'>κρεῖσσον</span> <span class='ocrx_word' id='word_1_28' title='bbox 541 620 581 658; x_wconf 82' lang='grc' dir='ltr'>δὲ</span> <span class='ocrx_word' id='word_1_29' title='bbox 607 616 718 657; x_wconf 86' lang='grc' dir='ltr'>νίκαν</span> <span class='ocrx_word' id='word_1_30' title='bbox 743 611 795 663; x_wconf 77' lang='grc' dir='ltr'>μὴ</span> <span class='ocrx_word' id='word_1_31' title='bbox 823 604 1033 656; x_wconf 83' lang='grc' dir='ltr'>κακόδοξον</span> <span class='ocrx_word' id='word_1_32' title='bbox 1060 603 1167 656; x_wconf 79' lang='grc' dir='ltr'>ἔχειν</span> <span class='ocrx_word' id='word_1_33' title='bbox 1383 591 1483 647; x_wconf 82' lang='grc' dir='ltr'>[ἀντ.</span> 
     </span>
     <span class='ocr_line' id='line_1_8' title="bbox 329 664 1487 740; baseline -0.027 -9"><span class='ocrx_word' id='word_1_34' title='bbox 329 686 352 740; x_wconf 75' lang='grc' dir='ltr'>ἢ</span> <span class='ocrx_word' id='word_1_35' title='bbox 377 687 446 740; x_wconf 81' lang='grc' dir='ltr'>ξὺν</span> <span class='ocrx_word' id='word_1_36' title='bbox 474 685 609 739; x_wconf 80' lang='grc' dir='ltr'>φθόνῳ</span> <span class='ocrx_word' id='word_1_37' title='bbox 635 679 836 734; x_wconf 83' lang='grc' dir='ltr'>σφάλλειν</span> <span class='ocrx_word' id='word_1_38' title='bbox 862 671 1022 725; x_wconf 84' lang='grc' dir='ltr'>δυνάμει</span> <span class='ocrx_word' id='word_1_39' title='bbox 1045 687 1086 710; x_wconf 88' lang='grc' dir='ltr'>τε</span> <span class='ocrx_word' id='word_1_40' title='bbox 1111 668 1236 708; x_wconf 87' lang='grc' dir='ltr'>δίκαν.</span> <span class='ocrx_word' id='word_1_41' title='bbox 1423 664 1487 703; x_wconf 89' lang='grc'>780</span> 
     </span>
     <span class='ocr_line' id='line_1_9' title="bbox 359 739 1178 807; baseline -0.027 -10"><span class='ocrx_word' id='word_1_42' title='bbox 359 754 430 807; x_wconf 82' lang='grc' dir='ltr'>ἡδὺ</span> <span class='ocrx_word' id='word_1_43' title='bbox 455 755 528 805; x_wconf 80' lang='grc' dir='ltr'>μὲν</span> <span class='ocrx_word' id='word_1_44' title='bbox 553 752 628 804; x_wconf 80' lang='grc' dir='ltr'>γὰρ</span> <span class='ocrx_word' id='word_1_45' title='bbox 653 747 790 789; x_wconf 84' lang='grc' dir='ltr'>αὐτίκα</span> <span class='ocrx_word' id='word_1_46' title='bbox 814 745 928 783; x_wconf 82' lang='grc' dir='ltr'>τοῦτο</span> <span class='ocrx_word' id='word_1_47' title='bbox 954 739 1178 791; x_wconf 83' lang='grc' dir='ltr'>βροτοῖσιν,</span> 
     </span>
     <span class='ocr_line' id='line_1_10' title="bbox 463 809 906 870; baseline -0.027 -9"><span class='ocrx_word' id='word_1_48' title='bbox 463 821 506 861; x_wconf 82' lang='grc' dir='ltr'>ἐν</span> <span class='ocrx_word' id='word_1_49' title='bbox 530 820 571 858; x_wconf 82' lang='grc' dir='ltr'>δὲ</span> <span class='ocrx_word' id='word_1_50' title='bbox 597 816 728 870; x_wconf 82' lang='grc' dir='ltr'>χρόνῳ</span> <span class='ocrx_word' id='word_1_51' title='bbox 753 809 906 852; x_wconf 84' lang='grc' dir='ltr'>τελέθει</span> 
     </span>
     <span class='ocr_line' id='line_1_11' title="bbox 332 871 1128 942; baseline -0.028 -11"><span class='ocrx_word' id='word_1_52' title='bbox 332 887 452 942; x_wconf 79' lang='grc' dir='ltr'>ξηρὸν</span> <span class='ocrx_word' id='word_1_53' title='bbox 478 885 541 927; x_wconf 85' lang='grc' dir='ltr'>καὶ</span> <span class='ocrx_word' id='word_1_54' title='bbox 565 883 760 924; x_wconf 85' lang='grc' dir='ltr'>ὀνείδεσιν</span> <span class='ocrx_word' id='word_1_55' title='bbox 789 878 960 930; x_wconf 85' lang='grc' dir='ltr'>ἔγκειται</span> <span class='ocrx_word' id='word_1_56' title='bbox 985 871 1128 922; x_wconf 87' lang='grc' dir='ltr'>δόμων.</span> 
     </span>
     <span class='ocr_line' id='line_1_12' title="bbox 264 931 1492 1011; baseline -0.025 -12"><span class='ocrx_word' id='word_1_57' title='bbox 264 958 408 999; x_wconf 86' lang='grc' dir='ltr'>ταύταν</span> <span class='ocrx_word' id='word_1_58' title='bbox 431 952 557 1011; x_wconf 81' lang='grc' dir='ltr'>ᾔνεσα</span> <span class='ocrx_word' id='word_1_59' title='bbox 580 949 725 990; x_wconf 83' lang='grc' dir='ltr'>ταύταν</span> <span class='ocrx_word' id='word_1_60' title='bbox 751 944 813 985; x_wconf 80' lang='grc' dir='ltr'>καὶ</span> <span class='ocrx_word' id='word_1_61' title='bbox 839 941 1011 995; x_wconf 89' lang='grc' dir='ltr'>φέρομαι</span> <span class='ocrx_word' id='word_1_62' title='bbox 1035 932 1191 989; x_wconf 78' lang='grc' dir='ltr'>βιοτάν,</span> <span class='ocrx_word' id='word_1_63' title='bbox 1427 931 1492 970; x_wconf 85' lang='grc'>785</span> 
     </span>
     <span class='ocr_line' id='line_1_13' title="bbox 333 1002 1137 1076; baseline -0.026 -12"><span class='ocrx_word' id='word_1_64' title='bbox 333 1023 454 1076; x_wconf 79' lang='grc' dir='ltr'>μηδὲν</span> <span class='ocrx_word' id='word_1_65' title='bbox 479 1020 588 1060; x_wconf 82' lang='grc' dir='ltr'>δίκας</span> <span class='ocrx_word' id='word_1_66' title='bbox 613 1014 687 1066; x_wconf 76' lang='grc' dir='ltr'>ἔξω</span> <span class='ocrx_word' id='word_1_67' title='bbox 715 1009 852 1064; x_wconf 84' lang='grc' dir='ltr'>κράτος</span> <span class='ocrx_word' id='word_1_68' title='bbox 878 1010 919 1049; x_wconf 84' lang='grc' dir='ltr'>ἐν</span> <span class='ocrx_word' id='word_1_69' title='bbox 946 1002 1137 1055; x_wconf 78' lang='grc' dir='ltr'>θαλάμοις</span> 
     </span>
     <span class='ocr_line' id='line_1_14' title="bbox 404 1081 836 1128; baseline -0.028 1"><span class='ocrx_word' id='word_1_70' title='bbox 404 1087 465 1128; x_wconf 84' lang='grc' dir='ltr'>καὶ</span> <span class='ocrx_word' id='word_1_71' title='bbox 491 1085 608 1127; x_wconf 88' lang='grc' dir='ltr'>πόλει</span> <span class='ocrx_word' id='word_1_72' title='bbox 633 1081 836 1122; x_wconf 85' lang='grc' dir='ltr'>δύνασθαι.</span> 
     </span>
    </p>
   </div>
   <div class='ocr_carea' id='block_1_4' title="bbox 280 1189 1514 1870">
    <p class='ocr_par' dir='ltr' id='par_1_4' title="bbox 280 1189 1514 1870">
     <span class='ocr_line' id='line_1_15' title="bbox 472 1189 1499 1271; baseline -0.029 -11"><span class='ocrx_word' id='word_1_73' title='bbox 472 1217 502 1259; x_wconf 68' lang='grc' dir='ltr'><em>ὦ</em></span> <span class='ocrx_word' id='word_1_74' title='bbox 528 1216 644 1271; x_wconf 85' lang='grc' dir='ltr'>γέρον</span> <span class='ocrx_word' id='word_1_75' title='bbox 670 1212 847 1255; x_wconf 83' lang='grc' dir='ltr'>Αἶακίδα,</span> <span class='ocrx_word' id='word_1_76' title='bbox 1364 1189 1499 1246; x_wconf 80' lang='grc' dir='ltr'>[ἐπῳδ.</span> 
     </span>
     <span class='ocr_line' id='line_1_16' title="bbox 342 1265 1503 1339; baseline -0.028 -8"><span class='ocrx_word' id='word_1_77' title='bbox 342 1289 525 1339; x_wconf 88' lang='grc' dir='ltr'>πείθομαι</span> <span class='ocrx_word' id='word_1_78' title='bbox 550 1283 612 1325; x_wconf 84' lang='grc' dir='ltr'>καὶ</span> <span class='ocrx_word' id='word_1_79' title='bbox 638 1281 713 1321; x_wconf 79' lang='grc' dir='ltr'>σὺν</span> <span class='ocrx_word' id='word_1_80' title='bbox 740 1272 960 1318; x_wconf 86' lang='grc' dir='ltr'>Λαπίθαισί</span> <span class='ocrx_word' id='word_1_81' title='bbox 984 1287 1032 1311; x_wconf 93' lang='grc' dir='ltr'>σε</span> <span class='ocrx_word' id='word_1_82' title='bbox 1059 1265 1226 1309; x_wconf 89' lang='grc' dir='ltr'>Κενταύ-</span> <span class='ocrx_word' id='word_1_83' title='bbox 1438 1270 1503 1302; x_wconf 94' lang='lat'>790</span> 
     </span>
     <span class='ocr_line' id='line_1_17' title="bbox 411 1344 814 1407; baseline -0.03 -11"><span class='ocrx_word' id='word_1_84' title='bbox 411 1370 488 1407; x_wconf 83' lang='grc' dir='ltr'>ρων</span> <span class='ocrx_word' id='word_1_85' title='bbox 513 1352 705 1403; x_wconf 87' lang='grc' dir='ltr'>ὁμιλῆσαι</span> <span class='ocrx_word' id='word_1_86' title='bbox 729 1344 814 1397; x_wconf 88' lang='grc' dir='ltr'>δορὶ</span> 
     </span>
     <span class='ocr_line' id='line_1_18' title="bbox 280 1395 1370 1475; baseline -0.028 -9"><span class='ocrx_word' id='word_1_87' title='bbox 280 1420 529 1475; x_wconf 82' lang='grc' dir='ltr'>κλεινοτάτῳ·</span> <span class='ocrx_word' id='word_1_88' title='bbox 567 1416 629 1457; x_wconf 86' lang='grc' dir='ltr'>καὶ</span> <span class='ocrx_word' id='word_1_89' title='bbox 653 1413 713 1455; x_wconf 82' lang='grc' dir='ltr'>ἐπ’</span> <span class='ocrx_word' id='word_1_90' title='bbox 740 1407 921 1464; x_wconf 80' lang='grc' dir='ltr'>Ἀργῴου</span> <span class='ocrx_word' id='word_1_91' title='bbox 946 1403 1059 1456; x_wconf 82' lang='grc' dir='ltr'>δορὸς</span> <span class='ocrx_word' id='word_1_92' title='bbox 1084 1399 1224 1452; x_wconf 77' lang='grc' dir='ltr'>ἄξενον</span> <span class='ocrx_word' id='word_1_93' title='bbox 1247 1395 1370 1449; x_wconf 82' lang='grc' dir='ltr'>ὑγρὰν</span> 
     </span>
     <span class='ocr_line' id='line_1_19' title="bbox 346 1469 1083 1540; baseline -0.03 -9"><span class='ocrx_word' id='word_1_94' title='bbox 346 1490 561 1540; x_wconf 79' lang='grc' dir='ltr'>ἐκπερᾶσαι</span> <span class='ocrx_word' id='word_1_95' title='bbox 586 1483 750 1525; x_wconf 78' lang='grc' dir='ltr'>ποντιᾶν</span> <span class='ocrx_word' id='word_1_96' title='bbox 776 1469 1083 1528; x_wconf 84' lang='grc' dir='ltr'>Ξυμπληγάδων</span> 
     </span>
     <span class='ocr_line' id='line_1_20' title="bbox 415 1535 1508 1595; baseline -0.027 1"><span class='ocrx_word' id='word_1_97' title='bbox 415 1554 575 1595; x_wconf 74' lang='grc' dir='ltr'>κλεινὰν</span> <span class='ocrx_word' id='word_1_98' title='bbox 600 1549 664 1590; x_wconf 81' lang='grc' dir='ltr'>ἐπὶ</span> <span class='ocrx_word' id='word_1_99' title='bbox 691 1543 945 1589; x_wconf 85' lang='grc' dir='ltr'>ναυστολίαν,</span> <span class='ocrx_word' id='word_1_100' title='bbox 1444 1535 1508 1570; x_wconf 86' lang='grc'>795</span> 
     </span>
     <span class='ocr_line' id='line_1_21' title="bbox 418 1605 1019 1661; baseline -0.028 1"><span class='ocrx_word' id='word_1_101' title='bbox 418 1617 570 1661; x_wconf 80' lang='grc' dir='ltr'>Ἰλιάδα</span> <span class='ocrx_word' id='word_1_102' title='bbox 593 1634 635 1657; x_wconf 91' lang='grc' dir='ltr'>τε</span> <span class='ocrx_word' id='word_1_103' title='bbox 662 1614 781 1655; x_wconf 90' lang='grc' dir='ltr'>πόλιν</span> <span class='ocrx_word' id='word_1_104' title='bbox 807 1611 870 1650; x_wconf 84' lang='grc' dir='ltr'>ὅτε</span> <span class='ocrx_word' id='word_1_105' title='bbox 897 1605 1019 1658; x_wconf 86' lang='grc' dir='ltr'>πάρος</span> 
     </span>
     <span class='ocr_line' id='line_1_22' title="bbox 285 1668 1150 1740; baseline -0.03 -7"><span class='ocrx_word' id='word_1_106' title='bbox 285 1690 488 1740; x_wconf 84' lang='grc' dir='ltr'>εὐδόκιμον</span> <span class='ocrx_word' id='word_1_107' title='bbox 514 1686 534 1725; x_wconf 87' lang='grc' dir='ltr'><em>ὁ</em></span> <span class='ocrx_word' id='word_1_108' title='bbox 562 1682 659 1724; x_wconf 80' lang='grc' dir='ltr'>Διὸς</span> <span class='ocrx_word' id='word_1_109' title='bbox 683 1681 757 1721; x_wconf 78' lang='grc' dir='ltr'>’ἶνις</span> <span class='ocrx_word' id='word_1_110' title='bbox 784 1674 1000 1729; x_wconf 79' lang='grc' dir='ltr'>ἀμφέβαλε</span> <span class='ocrx_word' id='word_1_111' title='bbox 1027 1668 1150 1722; x_wconf 81' lang='grc' dir='ltr'>φόνῳ,</span> 
     </span>
     <span class='ocr_line' id='line_1_23' title="bbox 423 1730 1514 1796; baseline -0.034 0"><span class='ocrx_word' id='word_1_112' title='bbox 423 1754 558 1796; x_wconf 83' lang='grc' dir='ltr'>κοινὰν</span> <span class='ocrx_word' id='word_1_113' title='bbox 583 1751 654 1790; x_wconf 80' lang='grc' dir='ltr'>τὰν</span> <span class='ocrx_word' id='word_1_114' title='bbox 680 1747 861 1788; x_wconf 83' lang='grc' dir='ltr'>εὔκλειαν</span> <span class='ocrx_word' id='word_1_115' title='bbox 886 1737 1015 1793; x_wconf 81' lang='grc' dir='ltr'>ἔχοντ’</span> <span class='ocrx_word' id='word_1_116' title='bbox 1449 1730 1514 1761; x_wconf 91' lang='lat'>800</span> 
     </span>
     <span class='ocr_line' id='line_1_24' title="bbox 487 1809 935 1870; baseline -0.031 -10"><span class='ocrx_word' id='word_1_117' title='bbox 487 1817 680 1870; x_wconf 86' lang='grc' dir='ltr'>Εὐρώπαν</span> <span class='ocrx_word' id='word_1_118' title='bbox 706 1809 935 1865; x_wconf 83' lang='grc' dir='ltr'>ἀφικέσθαι.</span> 
     </span>
    </p>
   </div>
   <div class='ocr_carea' id='block_1_5' title="bbox 191 1885 1526 2382">
    <p class='ocr_par' dir='ltr' id='par_1_5' title="bbox 191 1885 1526 2382">
     <span class='ocr_line' id='line_1_25' title="bbox 233 1885 1515 1957; baseline -0.032 -5"><span class='ocrx_word' id='word_1_119' title='bbox 233 1927 294 1957; x_wconf 83' lang='grc'>772</span> <span class='ocrx_word' id='word_1_120' title='bbox 333 1910 583 1954; x_wconf 86' lang='grc' dir='ltr'>κηρυσσομένοις</span> <span class='ocrx_word' id='word_1_121' title='bbox 621 1907 653 1938; x_wconf 92' lang='grc' dir='ltr'><strong>Α</strong></span> <span class='ocrx_word' id='word_1_122' title='bbox 671 1919 678 1937; x_wconf 71' lang='grc' dir='ltr'>ε</span> <span class='ocrx_word' id='word_1_123' title='bbox 723 1899 969 1946; x_wconf 83' lang='grc' dir='ltr'>κηρυσσομένων</span> <span class='ocrx_word' id='word_1_124' title='bbox 1004 1900 1028 1929; x_wconf 86' lang='grc' dir='ltr'>Σ</span> <span class='ocrx_word' id='word_1_125' title='bbox 1065 1892 1133 1924; x_wconf 83' lang='lat' dir='ltr'>rell.</span> <span class='ocrx_word' id='word_1_126' title='bbox 1156 1903 1162 1922; x_wconf 78' lang='grc' dir='ltr'>ε</span> <span class='ocrx_word' id='word_1_127' title='bbox 1209 1898 1295 1920; x_wconf 82' lang='lat' dir='ltr'><strong>corr.</strong></span> <span class='ocrx_word' id='word_1_128' title='bbox 1339 1885 1515 1916; x_wconf 86' lang='lat' dir='ltr'>Hermann</span> 
     </span>
     <span class='ocr_line' id='line_1_26' title="bbox 193 1926 1518 2002; baseline -0.029 -8"><span class='ocrx_word' id='word_1_129' title='bbox 193 1962 255 2002; x_wconf 88' lang='lat'>778</span> <span class='ocrx_word' id='word_1_130' title='bbox 280 1961 421 1990; x_wconf 76' lang='lat' dir='ltr'>sortasse</span> <span class='ocrx_word' id='word_1_131' title='bbox 435 1957 477 1995; x_wconf 84' lang='grc' dir='ltr'>μὴ</span> <span class='ocrx_word' id='word_1_132' title='bbox 490 1955 577 1987; x_wconf 85' lang='grc' dir='ltr'>νίκαν</span> <span class='ocrx_word' id='word_1_133' title='bbox 657 1950 746 1991; x_wconf 77' lang='grc' dir='ltr'>ἔχειν</span> <span class='ocrx_word' id='word_1_134' title='bbox 758 1957 823 1978; x_wconf 91' lang='lat' dir='ltr'>om.</span> <span class='ocrx_word' id='word_1_135' title='bbox 841 1945 867 1975; x_wconf 94' lang='lat' dir='ltr'><strong>L</strong></span> <span class='ocrx_word' id='word_1_136' title='bbox 957 1941 1015 1979; x_wconf 90' lang='lat'>781</span> <span class='ocrx_word' id='word_1_137' title='bbox 1044 1938 1101 1969; x_wconf 77' lang='grc' dir='ltr'>ἁδὺ</span> <span class='ocrx_word' id='word_1_138' title='bbox 1116 1932 1266 1966; x_wconf 80' lang='lat' dir='ltr'>Dindorf</span> <span class='ocrx_word' id='word_1_139' title='bbox 1352 1930 1411 1968; x_wconf 78' lang='lat'>784</span> <span class='ocrx_word' id='word_1_140' title='bbox 1439 1926 1518 1959; x_wconf 82' lang='grc' dir='ltr'>ὀνεί-</span> 
     </span>
     <span class='ocr_line' id='line_1_27' title="bbox 191 1974 1518 2040; baseline -0.031 -2"><span class='ocrx_word' id='word_1_141' title='bbox 191 2009 261 2038; x_wconf 84' lang='grc' dir='ltr'>δεσι</span> <span class='ocrx_word' id='word_1_142' title='bbox 272 2003 398 2040; x_wconf 84' lang='grc' dir='ltr'>νείκητε</span> <span class='ocrx_word' id='word_1_143' title='bbox 411 2000 442 2030; x_wconf 87' lang='grc' dir='ltr'>Μ</span> <span class='ocrx_word' id='word_1_144' title='bbox 454 1999 484 2030; x_wconf 92' lang='grc' dir='ltr'><strong>Ο</strong></span> <span class='ocrx_word' id='word_1_145' title='bbox 496 1998 522 2028; x_wconf 89' lang='grc' dir='ltr'>Β</span> <span class='ocrx_word' id='word_1_146' title='bbox 537 1997 666 2037; x_wconf 66' lang='grc' dir='ltr'>(εἴκει-πε</span> <span class='ocrx_word' id='word_1_147' title='bbox 678 1993 737 2030; x_wconf 81' lang='grc' dir='ltr'>Β);</span> <span class='ocrx_word' id='word_1_148' title='bbox 756 1981 1127 2023; x_wconf 62' lang='lat' dir='ltr'>vmfzrazWilamowitz.</span> <span class='ocrx_word' id='word_1_149' title='bbox 1162 1978 1273 2015; x_wconf 83' lang='lat' dir='ltr'>Super</span> <span class='ocrx_word' id='word_1_150' title='bbox 1284 1974 1372 2004; x_wconf 86' lang='lat' dir='ltr'>hune</span> <span class='ocrx_word' id='word_1_151' title='bbox 1384 1979 1518 2001; x_wconf 78' lang='lat' dir='ltr'>versum</span> 
     </span>
     <span class='ocr_line' id='line_1_28' title="bbox 192 2012 1518 2087; baseline -0.029 -7"><span class='ocrx_word' id='word_1_152' title='bbox 192 2047 330 2087; x_wconf 83' lang='lat' dir='ltr'><strong>scripsit</strong></span> <span class='ocrx_word' id='word_1_153' title='bbox 341 2043 458 2085; x_wconf 73' lang='grc' dir='ltr'>ἂφανές</span> <span class='ocrx_word' id='word_1_154' title='bbox 470 2042 501 2072; x_wconf 90' lang='lat' dir='ltr'>V</span> <span class='ocrx_word' id='word_1_155' title='bbox 591 2040 652 2078; x_wconf 88' lang='lat'>785</span> <span class='ocrx_word' id='word_1_156' title='bbox 669 2036 791 2072; x_wconf 78' lang='grc' dir='ltr'>ταύτην</span> <span class='ocrx_word' id='word_1_157' title='bbox 804 2033 854 2063; x_wconf 78' lang='lat' dir='ltr'>bis</span> <span class='ocrx_word' id='word_1_158' title='bbox 866 2031 892 2061; x_wconf 84' lang='lat' dir='ltr'>P</span> <span class='ocrx_word' id='word_1_159' title='bbox 983 2028 1042 2065; x_wconf 85' lang='lat'>787</span> <span class='ocrx_word' id='word_1_160' title='bbox 1062 2023 1194 2064; x_wconf 78' lang='grc' dir='ltr'>κράτους</span> <span class='ocrx_word' id='word_1_161' title='bbox 1208 2021 1238 2050; x_wconf 89' lang='grc' dir='ltr'><strong>Α</strong></span> <span class='ocrx_word' id='word_1_162' title='bbox 1252 2019 1277 2049; x_wconf 93' lang='lat' dir='ltr'>L</span> <span class='ocrx_word' id='word_1_163' title='bbox 1368 2025 1430 2054; x_wconf 89' lang='lat'>790</span> <span class='ocrx_word' id='word_1_164' title='bbox 1446 2012 1518 2044; x_wconf 85' lang='grc' dir='ltr'>πεύ-</span> 
     </span>
     <span class='ocr_line' id='line_1_29' title="bbox 193 2056 1519 2131; baseline -0.029 -7"><span class='ocrx_word' id='word_1_165' title='bbox 193 2096 285 2131; x_wconf 83' lang='grc' dir='ltr'>θομαι</span> <span class='ocrx_word' id='word_1_166' title='bbox 303 2087 471 2120; x_wconf 86' lang='lat' dir='ltr'>Headlam</span> <span class='ocrx_word' id='word_1_167' title='bbox 555 2096 593 2115; x_wconf 87' lang='grc' dir='ltr'>σε</span> <span class='ocrx_word' id='word_1_168' title='bbox 609 2083 638 2112; x_wconf 84' lang='grc' dir='ltr'>Μ</span> <span class='ocrx_word' id='word_1_169' title='bbox 646 2088 791 2119; x_wconf 81' lang='lat' dir='ltr'>usgrave</span> <span class='ocrx_word' id='word_1_170' title='bbox 808 2076 855 2112; x_wconf 84' lang='lat' dir='ltr'>(et</span> <span class='ocrx_word' id='word_1_171' title='bbox 867 2074 1009 2104; x_wconf 78' lang='lat' dir='ltr'>fortasse</span> <span class='ocrx_word' id='word_1_172' title='bbox 1024 2068 1154 2102; x_wconf 77' lang='lat' dir='ltr'>Haun.)</span> <span class='ocrx_word' id='word_1_173' title='bbox 1170 2076 1175 2094; x_wconf 79' lang='lat' dir='ltr'>z</span> <span class='ocrx_word' id='word_1_174' title='bbox 1203 2075 1240 2095; x_wconf 85' lang='grc' dir='ltr'>σε</span> <span class='ocrx_word' id='word_1_175' title='bbox 1255 2062 1305 2093; x_wconf 77' lang='grc' dir='ltr'>καὶ</span> <span class='ocrx_word' id='word_1_176' title='bbox 1319 2059 1389 2090; x_wconf 69' lang='lat' dir='ltr'>sere</span> <span class='ocrx_word' id='word_1_177' title='bbox 1401 2056 1496 2088; x_wconf 92' lang='lat' dir='ltr'>codd.</span> <span class='ocrx_word' id='word_1_178' title='bbox 1513 2067 1519 2085; x_wconf 89' lang='lat'>:</span> 
     </span>
     <span class='ocr_line' id='line_1_30' title="bbox 193 2100 1521 2167; baseline -0.03 0"><span class='ocrx_word' id='word_1_179' title='bbox 193 2149 230 2167; x_wconf 85' lang='grc' dir='ltr'>τε</span> <span class='ocrx_word' id='word_1_180' title='bbox 249 2134 299 2166; x_wconf 77' lang='grc' dir='ltr'>καὶ</span> <span class='ocrx_word' id='word_1_181' title='bbox 318 2132 345 2162; x_wconf 88' lang='grc' dir='ltr'>Β</span> <span class='ocrx_word' id='word_1_182' title='bbox 362 2143 369 2161; x_wconf 84' lang='lat'><strong><em>=</em></strong></span> <span class='ocrx_word' id='word_1_183' title='bbox 394 2140 457 2161; x_wconf 86' lang='lat' dir='ltr'>om.</span> <span class='ocrx_word' id='word_1_184' title='bbox 477 2128 509 2159; x_wconf 89' lang='lat' dir='ltr'>A</span> <span class='ocrx_word' id='word_1_185' title='bbox 614 2122 798 2163; x_wconf 84' lang='grc' dir='ltr'>Κενταύρων</span> <span class='ocrx_word' id='word_1_186' title='bbox 816 2119 842 2149; x_wconf 94' lang='lat' dir='ltr'>L</span> <span class='ocrx_word' id='word_1_187' title='bbox 858 2115 955 2147; x_wconf 61' lang='lat' dir='ltr'><strong>PV2:</strong></span> <span class='ocrx_word' id='word_1_188' title='bbox 981 2109 1145 2150; x_wconf 83' lang='grc' dir='ltr'>κενταύροι</span> <span class='ocrx_word' id='word_1_189' title='bbox 1164 2107 1211 2142; x_wconf 84' lang='grc' dir='ltr'>Μ,</span> <span class='ocrx_word' id='word_1_190' title='bbox 1230 2118 1251 2137; x_wconf 91' lang='grc' dir='ltr'>σ</span> <span class='ocrx_word' id='word_1_191' title='bbox 1266 2104 1341 2135; x_wconf 88' lang='lat' dir='ltr'>add.</span> <span class='ocrx_word' id='word_1_192' title='bbox 1361 2100 1429 2132; x_wconf 59' lang='lat' dir='ltr'>M2:</span> <span class='ocrx_word' id='word_1_193' title='bbox 1453 2111 1521 2131; x_wconf 86' lang='grc' dir='ltr'>κεν-</span> 
     </span>
     <span class='ocr_line' id='line_1_31' title="bbox 195 2142 1524 2219; baseline -0.029 -9"><span class='ocrx_word' id='word_1_194' title='bbox 195 2177 320 2219; x_wconf 80' lang='grc' dir='ltr'>ταύροις</span> <span class='ocrx_word' id='word_1_195' title='bbox 331 2174 401 2206; x_wconf 73' lang='lat' dir='ltr'>rell.</span> <span class='ocrx_word' id='word_1_196' title='bbox 417 2173 560 2204; x_wconf 78' lang='lat' dir='ltr'>sortasse</span> <span class='ocrx_word' id='word_1_197' title='bbox 571 2173 665 2201; x_wconf 79' lang='lat' dir='ltr'><strong>recte</strong></span> <span class='ocrx_word' id='word_1_198' title='bbox 751 2173 812 2203; x_wconf 87' lang='lat'>793</span> <span class='ocrx_word' id='word_1_199' title='bbox 830 2163 939 2202; x_wconf 78' lang='grc' dir='ltr'>ἄξενον</span> <span class='ocrx_word' id='word_1_200' title='bbox 948 2156 1001 2187; x_wconf 74' lang='lat' dir='ltr'>L²z</span> <span class='ocrx_word' id='word_1_201' title='bbox 1022 2156 1142 2194; x_wconf 80' lang='grc' dir='ltr'>ἄξεινον</span> <span class='ocrx_word' id='word_1_202' title='bbox 1155 2149 1224 2181; x_wconf 80' lang='lat' dir='ltr'>rell.</span> <span class='ocrx_word' id='word_1_203' title='bbox 1312 2156 1373 2186; x_wconf 82' lang='lat'>794</span> <span class='ocrx_word' id='word_1_204' title='bbox 1389 2142 1524 2175; x_wconf 77' lang='grc' dir='ltr'>ποντίαν</span> 
     </span>
     <span class='ocr_line' id='line_1_32' title="bbox 196 2185 1524 2259; baseline -0.031 -4"><span class='ocrx_word' id='word_1_205' title='bbox 196 2218 417 2259; x_wconf 71' lang='grc' dir='ltr'>Ξυμπληγάδα</span> <span class='ocrx_word' id='word_1_206' title='bbox 434 2216 530 2248; x_wconf 92' lang='lat' dir='ltr'><strong>codd.</strong></span> <span class='ocrx_word' id='word_1_207' title='bbox 548 2214 635 2256; x_wconf 78' lang='grc' dir='ltr'>(συμ.</span> <span class='ocrx_word' id='word_1_208' title='bbox 653 2211 695 2241; x_wconf 90' lang='lat' dir='ltr'>L:</span> <span class='ocrx_word' id='word_1_209' title='bbox 713 2209 773 2246; x_wconf 79' lang='grc' dir='ltr'>τὴν</span> <span class='ocrx_word' id='word_1_210' title='bbox 786 2218 876 2237; x_wconf 85' lang='grc' dir='ltr'>ποντ.</span> <span class='ocrx_word' id='word_1_211' title='bbox 898 2202 925 2232; x_wconf 90' lang='grc' dir='ltr'>Β</span> <span class='ocrx_word' id='word_1_212' title='bbox 939 2201 1005 2238; x_wconf 80' lang='grc' dir='ltr'>Ο);</span> <span class='ocrx_word' id='word_1_213' title='bbox 1026 2206 1108 2228; x_wconf 78' lang='lat' dir='ltr'>corr.</span> <span class='ocrx_word' id='word_1_214' title='bbox 1128 2195 1304 2225; x_wconf 84' lang='lat' dir='ltr'>Hermann</span> <span class='ocrx_word' id='word_1_215' title='bbox 1407 2186 1469 2226; x_wconf 85' lang='lat'>796</span> <span class='ocrx_word' id='word_1_216' title='bbox 1485 2185 1524 2216; x_wconf 79' lang='grc' dir='ltr'>τὸ</span> 
     </span>
     <span class='ocr_line' id='line_1_33' title="bbox 197 2228 1525 2306; baseline -0.03 -9"><span class='ocrx_word' id='word_1_217' title='bbox 197 2266 294 2306; x_wconf 80' lang='grc' dir='ltr'>πάρος</span> <span class='ocrx_word' id='word_1_218' title='bbox 312 2262 490 2293; x_wconf 82' lang='lat' dir='ltr'>Hermann</span> <span class='ocrx_word' id='word_1_219' title='bbox 634 2254 695 2293; x_wconf 84' lang='lat'>798</span> <span class='ocrx_word' id='word_1_220' title='bbox 720 2249 882 2285; x_wconf 64' lang='grc' dir='ltr'>εὒδόκιμος</span> <span class='ocrx_word' id='word_1_221' title='bbox 898 2243 995 2276; x_wconf 85' lang='lat' dir='ltr'>codd.</span> <span class='ocrx_word' id='word_1_222' title='bbox 1013 2253 1018 2272; x_wconf 89' lang='lat'><strong>:</strong></span> <span class='ocrx_word' id='word_1_223' title='bbox 1045 2249 1128 2271; x_wconf 81' lang='lat' dir='ltr'>corr.</span> <span class='ocrx_word' id='word_1_224' title='bbox 1153 2237 1329 2268; x_wconf 79' lang='lat' dir='ltr'>Hermann</span> <span class='ocrx_word' id='word_1_225' title='bbox 1350 2233 1381 2271; x_wconf 81' lang='grc' dir='ltr'>(ὁ</span> <span class='ocrx_word' id='word_1_226' title='bbox 1399 2228 1525 2261; x_wconf 84' lang='lat' dir='ltr'>delevit</span> 
     </span>
     <span class='ocr_line' id='line_1_34' title="bbox 199 2274 1526 2345; baseline -0.028 -6"><span class='ocrx_word' id='word_1_227' title='bbox 199 2305 377 2345; x_wconf 72' lang='lat' dir='ltr'>Matthiae)</span> <span class='ocrx_word' id='word_1_228' title='bbox 490 2311 552 2341; x_wconf 88' lang='lat'>799</span> <span class='ocrx_word' id='word_1_229' title='bbox 570 2298 762 2340; x_wconf 77' lang='grc' dir='ltr'>ἀμφέβαλλε</span> <span class='ocrx_word' id='word_1_230' title='bbox 773 2292 803 2323; x_wconf 92' lang='lat' dir='ltr'>V</span> <span class='ocrx_word' id='word_1_231' title='bbox 816 2292 843 2322; x_wconf 84' lang='lat' dir='ltr'>B</span> <span class='ocrx_word' id='word_1_232' title='bbox 855 2290 885 2321; x_wconf 79' lang='lat' dir='ltr'>O</span> <span class='ocrx_word' id='word_1_233' title='bbox 1005 2286 1063 2315; x_wconf 89' lang='lat'>801</span> <span class='ocrx_word' id='word_1_234' title='bbox 1092 2281 1243 2323; x_wconf 84' lang='grc' dir='ltr'>Εὐρώπαν</span> <span class='ocrx_word' id='word_1_235' title='bbox 1262 2278 1288 2309; x_wconf 91' lang='lat' dir='ltr'><strong>L</strong></span> <span class='ocrx_word' id='word_1_236' title='bbox 1299 2276 1340 2307; x_wconf 81' lang='lat' dir='ltr'>V&#39;·&#39;</span> <span class='ocrx_word' id='word_1_237' title='bbox 1355 2287 1362 2306; x_wconf 94' lang='lat'><strong>:</strong></span> <span class='ocrx_word' id='word_1_238' title='bbox 1387 2274 1526 2315; x_wconf 84' lang='grc' dir='ltr'>εὐρώταν</span> 
     </span>
     <span class='ocr_line' id='line_1_35' title="bbox 201 2351 273 2382; baseline -0.014 0"><span class='ocrx_word' id='word_1_239' title='bbox 201 2351 273 2382; x_wconf 87' lang='lat' dir='ltr'>rell.</span> 
     </span>
    </p>
   </div>
  </div>
 </body>
</html>
