1683 2732
643 84 1031 122 ΗΡΑΚΛΕΙΔΑΙ

276 187 378 237 αἱρεῖ
401 184 432 224 δ’
459 186 479 223 ὁ
505 185 658 227 κλεινὸς
683 185 840 227 Ἰόλεως
867 186 1099 238 Εὐρυσθέως

274 251 467 304 τέτρωρον
491 250 595 303 ἅρμα
618 251 714 303 πρὸς
738 251 896 303 πέτραις
922 254 1167 304 Σκιρωνίσιν,
1436 259 1498 289 860

275 321 436 369 δεσμοῖς
460 335 501 359 τε
526 317 651 368 δήσας
675 322 812 372 χεῖρας
837 319 1058 370 ἀκροθίνιον

275 384 493 425 κάλλιστον
517 384 601 435 ἥκει
625 384 694 425 τὸν
720 385 996 437 στρατηλάτην
1020 386 1128 439 ἄγων

274 451 342 491 τὸν
365 453 509 502 ὄλβιον
533 451 708 503 πάροιθε.
779 458 827 509 τῇ
852 454 893 493 δὲ
918 456 984 493 νῦν
1009 453 1109 509 τύχῃ

273 521 434 570 βροτοῖς
459 517 584 559 ἅπασι
607 520 770 570 λαμπρὰ
795 519 986 571 κηρύσσει
1010 522 1161 570 μαθεῖν,

273 584 341 625 τὸν
367 584 543 637 εὐτυχεῖν
568 587 757 625 δοκοῦντα
780 584 831 636 μὴ
861 586 1011 635 ζηλοῦν,
1041 586 1131 637 πρὶν
1156 585 1205 626 ἂν
1437 591 1497 629 865

274 651 430 691 θανόντ’
456 652 517 707 ἴδῃ
542 668 612 693 τις·
651 651 701 693 ὡς
727 650 918 704 ἐφήμεροι
943 652 1073 706 τύχαι.

176 720 247 758 Χο.
273 716 302 757 ὦ
329 720 404 758 Ζεῦ
427 721 601 769 τροπαῖε,
629 721 699 758 νῦν
725 718 809 769 ἐμοὶ
834 721 961 759 δεινοῦ
986 719 1121 770 φόβου

275 785 483 835 ἐλεύθερον
507 784 698 836 πάρεστιν
724 783 826 836 ἦμαρ
852 787 1026 826 εἰσιδεῖν.

175 853 248 890 Αλ.
276 848 305 890 ὦ
331 853 420 897 Ζεῦ,
447 851 577 905 χρόνῳ
602 853 674 902 μὲν
699 850 788 901 τᾶμ’
814 851 1028 904 ἐπεσκέψω
1055 850 1164 897 κακά,

272 917 390 970 χάριν
415 917 447 956 δ’
473 919 576 968 ὅμως
602 934 669 958 σοι
693 922 770 958 τῶν
796 917 1081 971 πεπραγμένων
1106 918 1198 970 έχω-
1440 923 1501 961 8ῑο

276 983 338 1023 καὶ
362 987 482 1024 παῖδα
506 983 575 1024 τὸν
601 983 696 1034 ἐμὸν
720 985 895 1036 πρόσθεν
919 985 963 1025 οὐ
988 983 1144 1024 δοκοῦσ’
1169 985 1247 1036 ἐγὼ

274 1053 376 1092 θεοῖς
402 1051 554 1100 ὁμιλεῖν
580 1054 647 1090 νῦν
672 1052 886 1101 ἐπίσταμαι
912 1055 1064 1103 σαφῶς.

341 1115 369 1156 ὦ
395 1116 523 1162 τέκνα,
552 1120 621 1157 νῦν
647 1117 692 1166 δὴ
718 1121 784 1157 νῦν
810 1118 1009 1169 ἐλεύθεροι
1035 1117 1180 1163 πόνων,

275 1183 472 1234 ἐλεύθεροι
498 1185 538 1223 δὲ
564 1187 631 1222 τοῦ
657 1187 782 1225 κακῶς
806 1183 1021 1234 ὀλουμένου

275 1249 508 1301 Εὐρυσθέως
535 1249 680 1290 ἔσεσθε
707 1250 768 1290 καὶ
793 1251 911 1290 πόλιν
936 1250 1083 1302 πατρὸς
1439 1255 1499 1294 875

273 1317 439 1368 ὄψεσθε,
469 1315 634 1367 κλήρους
659 1316 691 1355 δ’
717 1317 985 1367 ἐμβατεύσετε
1009 1316 1153 1369 χθονὸς

276 1383 338 1423 καὶ
365 1385 468 1424 θεοῖς
494 1381 689 1437 πατρῴοις
715 1382 862 1428 θύσεθ’,
890 1384 944 1423 ὧν
970 1382 1225 1435 ἀπειργμένοι

275 1448 380 1499 ξένοι
405 1448 608 1499 πλανήτην
634 1448 751 1502 εἴχετ’
776 1449 913 1490 ἄθλιον
938 1449 1044 1500 βίον.

342 1516 440 1568 ἀτὰρ
463 1516 505 1555 τί
528 1516 674 1556 κεύθων
699 1515 857 1558 Ἰόλεως
883 1517 1015 1568 σοφόν
1040 1532 1135 1556 ποτε

275 1581 508 1635 Εὐρυσθέως
534 1583 717 1635 ἐφείσαθ’
743 1584 845 1623 ὥστε
870 1582 921 1634 μὴ
948 1586 1122 1628 κτανεῖν;
1442 1584 1502 1614 830

275 1648 406 1700 λέξον·
443 1649 532 1701 παρ’
558 1649 652 1700 ἡμῖν
676 1652 748 1700 μὲν
773 1651 848 1702 γὰρ
873 1649 917 1689 οὐ
943 1649 1074 1701 σοφὸν
1099 1649 1201 1694 τόδε,

275 1716 439 1770 ἐχθροὺς
464 1717 647 1767 λαβόντα
671 1716 723 1767 μὴ
749 1717 1039 1756 ἀποτείσασθαι
1065 1716 1187 1765 δίκην.

177 1785 250 1824 Θε.
276 1784 320 1823 τὸ
347 1783 420 1823 σὸν
444 1786 655 1835 προτιμῶν,
684 1784 735 1824 ὥς
761 1800 822 1823 νιν
847 1784 1072 1835 ὀφθαλμοῖς
1098 1784 1194 1822 ἴδοις

276 1850 551 1902 Τκρατοῦνταῒ
578 1850 640 1890 καὶ
667 1850 717 1906 σῇ
741 1851 1057 1900 δεσποτούμενον
1081 1849 1180 1901 χερί.

274 1916 318 1956 οὐ
341 1916 419 1967 μὴν
445 1917 584 1957 ἑκόντα
608 1916 645 1968 γ’
671 1917 802 1963 αὐτόν,
830 1917 935 1956 ἀλλὰ
960 1916 1055 1968 πρὸς
1079 1916 1176 1966 βίαν
1438 1917 1499 1953 885

276 1981 401 2033 ἔζευξ’
427 1983 590 2040 ἀνάγκῃ·
628 1984 691 2024 καὶ
716 1985 790 2035 γὰρ
816 1982 883 2022 οὐκ
910 1983 1101 2034 ἐβούλετο

278 2050 351 2100 ζῶν
377 2051 415 2092 ἐς
442 2050 515 2091 σὸν
540 2052 672 2091 ἐλθεῖν
696 2051 802 2101 ὄμμα
828 2050 890 2089 καὶ
916 2052 1047 2089 δοῦναι
1072 2048 1194 2097 δίκην.

220 2143 284 2182 859
308 2143 390 2185 αἱρεῖ
402 2156 454 2184 γρ.
474 2142 501 2172 L
519 2143 551 2173 in
571 2152 673 2182 marg.
692 2154 697 2174 :
725 2144 803 2184 αἴρει
823 2142 846 2172 L
860 2141 886 2171 P
905 2141 1053 2182 (αἰρεῖβ)
1166 2138 1292 2170 Ἰόλεως
1309 2136 1478 2167 Victorius
1495 2148 1501 2165 z

177 2185 302 2219 πόλεως
321 2186 346 2216 L
359 2186 385 2216 P
516 2187 580 2216 860
605 2186 786 2228 σκειρωνίσι
807 2185 832 2214 L
846 2185 871 2215 P
1015 2185 1078 2221 865
1102 2184 1145 2222 μὴ
1165 2182 1298 2221 ζηλοῦτε
1316 2182 1388 2222 πρὶν
1406 2179 1497 2210 Stob.

182 2239 249 2269 105.
268 2231 309 2260 26
452 2231 514 2268 867
544 2229 648 2271 φόβον
667 2230 704 2266 L,
724 2239 809 2259 corr.
831 2228 868 2258 L¹
1017 2228 1079 2264 884
1110 2226 1267 2255 Fortasse
1286 2225 1426 2255 ἀτυῦντα
1444 2233 1499 2255 nan

178 2273 340 2313 ἀτῶνταῖ)
374 2272 414 2304 cl.
447 2273 529 2304 Hdt.
566 2273 620 2303 vii.
655 2283 730 2311 223,
765 2272 802 2303 11.
837 2282 894 2302 xx.
925 2281 1008 2310 332:
1044 2272 1229 2310 ταρβοῦντα
1262 2267 1499 2297 Hervverdcn:

179 2319 340 2357 κρατοῦσα
357 2316 486 2348 Reiske
