1683 2732
688 77 1059 115 ΙΠΠΟΛΎΤΟΣ

304 178 329 231 ἢ
353 180 385 221 δ’
413 180 535 234 ἄχθος
561 182 690 222 οἴκων.
762 182 796 220 εἰ
822 180 853 219 δ’
880 181 900 219 ὁ
928 179 1057 232 καιρὸς
1085 179 1130 229 ἧν
1155 178 1300 232 σαφής,

304 246 372 287 οὐκ
398 246 446 287 ἂν
472 247 533 288 δύ’
557 247 685 298 ἤστην
710 245 816 286 ταῦτ’
842 246 983 299 ἔχοντε
1008 245 1228 298 γράμματα.

362 304 466 354 ταῦτ’
491 313 559 354 οὗν
585 313 720 364 ἐπειδὴ
746 311 929 366 τυγχάνω
957 310 1148 365 φρονοῦσ’
1174 311 1265 362 ἐγώ,

274 415 277 419 »
305 378 373 418 οὐκ
399 377 492 421 ἔσθ’Γ
509 379 629 432 ὁποίῳ
657 377 849 431 φαρμάκῳ
877 380 1106 430 διαφθερεῖν

304 444 488 496 ἔμελλον,
516 444 620 485 ὥστε
644 444 867 495 τοῦμπαλιν
894 447 1033 484 πεσεῖν
1059 447 1226 496 φρενῶν.
1471 456 1534 489 390

304 509 408 562 λέξω
435 512 476 551 δὲ
503 511 566 551 καὶ
590 511 655 551 σοὶ
680 513 749 561 τῆς
775 512 869 561 ἐμῆς
897 510 1054 563 γνώμης
1080 510 1184 551 ὁδόν·

306 578 395 619 ἐπεί
414 577 454 629 μ’
480 578 576 630 ἔρως
602 577 785 630 ἔτρωσεν,
815 578 1013 618 ἐσκόπουν
1039 578 1143 618 ὅπως

307 643 491 685 κάλλιστ’
518 643 715 696 ἐνέγκαιμ’
742 643 872 684 αὐτόν.
947 643 1122 695 ἠρξάμην
1146 646 1218 694 μὲν
1243 643 1310 683 οὖν

306 713 349 752 ἐκ
372 713 498 757 τοῦδε,
527 714 646 763 σιγᾶν
671 710 788 761 τήνδε
815 711 878 751 καὶ
905 711 1087 763 κρύπτειν
1112 711 1247 751 νόσον.

306 777 474 834 γλώσσῃ
502 779 576 830 γὰρ
601 777 713 818 οὐδὲν
739 778 897 823 πιστόν,
924 776 947 827 ἣ
974 779 1110 829 θυραῖα
1134 779 1206 828 μὲν
1473 789 1534 821 395

307 843 524 897 φρονήματ’
550 844 703 896 ἀνδρῶν
729 836 927 886 νουθετεῖν
954 845 1173 890 ἐπίσταται,

306 910 401 960 αὐτὴ
427 909 459 950 δ’
484 910 552 963 ὑφ’
578 912 695 962 αὑτῆς
723 915 896 952 πλεῖστα
923 910 1101 960 κέκτηται
1128 909 1236 951 κακά.

307 977 352 1017 τὸ
378 977 558 1030 δεύτερον
584 975 626 1018 δὲ
651 977 721 1027 τὴν
747 978 886 1018 ἄνοιαν
913 977 953 1017 εὖ
980 976 1115 1029 φέρειν

305 1048 356 1099 τῷ
385 1048 611 1096 σωφρονεῖν
638 1048 789 1085 νικῶσα
815 1043 1131 1095 προυνοησάμην.

307 1111 440 1162 τρίτον
466 1110 511 1158 δ’,
540 1111 674 1160 ἐπειδὴ
701 1110 843 1151 τοισίδ’
871 1110 938 1150 οὐκ
964 1109 1149 1161 ἐξήνυτον
1470 1122 1536 1152 400

310 1177 458 1229 Κύπριν
486 1180 690 1230 κρατῆσαι,
721 1180 929 1218 κατθανεῖν
955 1176 1064 1227 ἔδοξέ
1088 1193 1165 1228 μοι,

308 1244 703 1295 κράτιστον-οὐδεὶς
731 1242 1239 1296 ἀι.’τερεῖ-βουλευμόιτων.

307 1311 394 1361 ἐμοὶ
418 1313 492 1363 γὰρ
519 1312 577 1362 εἵη
603 1310 700 1362 μήτε
726 1310 938 1351 λανθάνειν
965 1312 1066 1350 καλὰ

305 1376 394 1427 μήτ’
421 1378 569 1431 αἰσχρὰ
596 1378 730 1434 δρώσῃ
758 1377 953 1429 μάρτυρας
977 1376 1151 1418 πολλοὺς
1177 1376 1294 1429 ἔχειν.

306 1444 350 1483 τὸ
376 1443 408 1484 δ’
436 1444 553 1496 ἔργον
576 1443 647 1501 ᾔδη
675 1444 747 1494 τὴν
774 1445 895 1484 νόσον
921 1461 963 1484 τε
988 1446 1172 1488 δυσκλεᾶ,
1473 1454 1535 1484 405

306 1509 402 1562 γυνή
430 1527 472 1551 τε
498 1510 593 1563 πρὸς
620 1511 744 1551 τοῖσδ’
772 1510 857 1551 οῧσ’
886 1511 1129 1563 ἐγίγνωσκον
1156 1512 1295 1554 καλῶς,

305 1578 460 1628 μίσημα
485 1580 620 1618 πᾶσιν.
696 1578 746 1619 ὡς
772 1579 907 1617 ὄλοιτο
933 1576 1142 1629 παγκάκως

304 1643 390 1694 ἥτις
415 1643 512 1696 πρὸς
539 1644 682 1696 ἄνδρας
706 1643 840 1696 ἤρξατ’
868 1644 1073 1696 αἰσχύνειν
1097 1642 1197 1695 λέχη

305 1710 437 1762 πρώτη
466 1712 657 1762 θυραίους.
728 1712 769 1750 ἐκ
798 1713 838 1751 δὲ
864 1711 1055 1763 γενναίων
1081 1710 1210 1760 δόμων

305 1776 384 1816 τόδ’
412 1775 504 1829 ἦρξε
532 1778 730 1828 θηλείαισι
757 1779 968 1830 γίγνεσθαι
995 1777 1123 1817 κακόν.
1472 1787 1535 1817 410

306 1844 399 1884 ὅταν
425 1845 500 1896 γὰρ
527 1845 677 1896 αἰσχρὰ
703 1848 834 1885 τοῖσιν
863 1846 1070 1884 ἐσθλοῖσιν
1096 1846 1201 1898 δοκῇ,

248 1934 312 1973 386
348 1935 436 1967 οἷκον
468 1934 500 1965 Κ
681 1936 742 1974 387
780 1936 871 1967 ταῦτ’
907 1935 957 1965 L:
998 1934 1086 1966 ταῦτ’
1122 1933 1190 1963 rell.
1353 1931 1473 1971 ἔχοντα
1503 1930 1534 1960 Α

205 1977 379 2019 πράγματα
401 1977 496 2008 AB:
526 1977 678 2020 ’γράματα
704 1979 735 2008 Κ
886 1979 949 2017 388
985 1976 1158 2018 ’τύγχανον
1184 1974 1309 2005 Reiske
1338 1974 1535 2014 (ἐτύγχανον

204 2022 412 2061 ’γινώσκουσα
427 2021 466 2061 Σ)
558 2022 732 2063 προγνοῦσ’
750 2022 781 2052 Α
929 2031 992 2060 390
1020 2022 1158 2059 ἔμελλον
1176 2018 1387 2057 postmodum
1405 2017 1479 2047 add.
1500 2016 1531 2046 M

205 2065 291 2096 ὥστε
305 2064 340 2104 ’γ’
360 2064 496 2104 ἔμπαλιν
514 2064 546 2095 Κ
563 2066 624 2096 sed
642 2066 714 2105 ipse
731 2075 815 2096 corr.
911 2075 975 2103 393
1004 2063 1161 2102 ἐνέγκοιμ’
1179 2062 1320 2091 Dindorf
1410 2061 1473 2098 398
1497 2073 1533 2090 τε

208 2107 270 2144 τὴν
310 2106 342 2136 Μ
358 2107 389 2136 Α
403 2107 430 2136 Β
472 2107 549 2146 (εἰς)
763 2118 827 2145 400
863 2107 978 2139 τοισίδ’
1019 2105 1227 2135 Valckenaer
1243 2114 1248 2132 τ
1289 2105 1396 2135 τοῖσιν
1435 2104 1530 2133 codd.

206 2149 324 2189 (etiam
350 2148 397 2190 K)
565 2160 629 2189 402
657 2148 750 2183 ὀὐδεΐ
772 2149 803 2180 Μ
823 2162 829 2180 z
861 2159 946 2180 corr.
975 2148 1021 2178 Μ2
1142 2147 1372 2187 βουλευμάτων
1398 2146 1428 2176 Μ
1444 2146 1535 2176 BO:

205 2192 426 2232 βουλεύμασιν
442 2191 473 2223 Α
489 2192 571 2223 B²V
582 2193 608 2223 L
621 2193 648 2224 P
659 2198 683 2227 Σ
859 2202 922 2231 405
947 2193 1008 2234 ᾔδη
1029 2191 1116 2232 (ἤδη)
1138 2190 1167 2220 Κ
1184 2191 1214 2220 Μ
1228 2191 1257 2221 Α
1272 2191 1298 2220 Β
1317 2202 1323 2221 z
1348 2190 1436 2233 ᾔδειν
1452 2190 1482 2219 V
1494 2189 1535 2219 B*

207 2235 271 2266 LP
419 2237 484 2275 406
506 2237 588 2277 -γυνή
605 2250 641 2269 τε
661 2237 686 2267 L
702 2237 748 2267 P:
771 2237 853 2278 γυνὴ
871 2236 904 2268 δὲ
924 2235 995 2266 rell.
1096 2237 1163 2266 τοῖς
1184 2234 1213 2264 K
1364 2243 1425 2271 407
1452 2231 1534 2263 Post

205 2282 304 2311 πᾶσιν
324 2279 424 2319 plene
447 2280 641 2320 interpung.
661 2281 757 2311 codd.
777 2286 810 2310 et
830 2285 862 2313 Σ.
885 2285 958 2319 post
982 2281 1086 2310 καλῶς
1104 2277 1193 2307 Weil
1293 2279 1331 2310 ἇς
1350 2277 1381 2307 V
1394 2276 1433 2306 Β2
1446 2277 1471 2306 L
1485 2276 1532 2306 P:

207 2323 284 2354 ὥστ’
306 2323 335 2353 Κ
350 2323 381 2353 Μ
394 2323 424 2353 Α
437 2323 464 2353 Β
