1651 2780
543 186 1139 242 ΑΝΔΡΟΜΑΧΗ

475 591 763 630 ’ΥΠΟΘΕΣΙΣ
818 589 1211 628 ΑΝΔΡΟΜΑΧΗΣ

829 697 851 736 I

225 770 464 811 Νεοπτόλεμος
478 767 514 802 ἐν
527 768 566 811 τῇ
582 767 683 813 Τροίᾳ
697 767 799 813 γέρας
813 768 932 809 λαβὼν
944 766 1004 809 τὴν
1017 765 1261 811 Ἀνδρομάχην,
1275 765 1504 811 τῆν”Εκτορος

175 828 328 871 γυναῖκα,
346 826 451 861 παῖδα
468 827 580 860 ἔτεκεν
601 825 640 868 ἐξ
664 825 775 868 αὐτῆς.
826 824 971 870 ὕστερον
994 825 1029 858 δὲ
1053 825 1221 870 ἐπέγημεν
1239 823 1426 870 Ἑρμιόνην,
1446 824 1506 867 τὴν

176 885 350 918 Μενελάου
365 884 547 929 θυγατέρα.
583 883 676 918 δίκας
691 883 726 917 δέ
739 886 876 928 πρῶτον
888 882 1018 927 ᾔτηκὼς
1031 884 1089 926 τῆς
1101 882 1289 927 Ἀχιλλέως
1303 881 1506 928 ἀναιρέσεως

174 943 231 976 τὸν
256 942 292 976 ἐν
316 942 470 985 Δελφοῖς
493 940 706 985 Ἀπόλλωνα,
725 942 830 976 πάλιν
853 939 1003 983 ἀπῆλθεν
1027 940 1082 974 ἐπὶ
1106 941 1143 975 τὸ
1169 939 1379 985 χρηστήριον
1403 954 1505 985 μετα-

137 1010 154 1041 5
175 999 309 1044 νοήσας,
340 998 392 1034 ἵνα
425 1000 483 1034 τὸν
512 998 590 1033 θεὸν
621 999 833 1043 ἐξιλάσητιιι.
884 998 1080 1042 ζηλοτύπως
1115 997 1144 1032 δ’
1171 1000 1301 1044 ἔχουσα
1331 999 1417 1044 πρὸς
1446 998 1506 1042 τὴν

173 1056 410 1102 Ἀνδρομάχην
428 1058 445 1102 ἡ
464 1057 603 1099 βασιλὶς
621 1056 826 1098 ἐβουλεύετο
843 1055 914 1092 κατ’
928 1058 1031 1100 αὐτῆς
1049 1058 1203 1101 θάνατον,
1215 1057 1506 1103 μεταπεμψαμένη

175 1118 233 1151 τὸν
252 1117 438 1151 Μενέλαον·
465 1116 483 1159 ἣ
503 1117 538 1151 δέ
557 1118 595 1151 τὸ
612 1117 748 1152 παιδίον
765 1118 827 1162 μὲν
845 1117 1059 1162 ὑπεξέθηκεν,
1079 1118 1160 1161 αὐτὴ
1185 1118 1221 1152 δὲ
1245 1118 1434 1164 κατέφυγεν
1451 1118 1505 1152 ἐπὶ

175 1176 213 1209 τὸ
232 1176 320 1221 ἱερὸν
334 1177 394 1219 τῆς
413 1175 566 1211 Θέτιδος.
614 1177 645 1209 οἵ
664 1176 701 1210 δέ
718 1177 795 1221 περὶ
813 1177 873 1210 τὸν
891 1178 1067 1212 Μενέλαον
1086 1177 1139 1211 καὶ
1158 1177 1196 1211 τὸ
1213 1176 1351 1212 παιδίον
1367 1177 1506 1222 ἀνεῦρον

176 1233 228 1266 καὶ
244 1233 369 1278 ἐκείνην
386 1232 618 1278 ἀπατήσαντες
638 1235 783 1279 ἤγειραν.
834 1233 886 1268 καὶ
904 1235 1072 1278 σφάττειν
1089 1235 1274 1279 μέλλοντες
1291 1234 1507 1279 ἀμφοτέρους

119 1305 157 1328 10
175 1291 394 1336 ἐκωλύθησαν
427 1292 568 1335 Πηλέως
601 1291 835 1336 ἐπιφανέντος.
899 1292 1075 1327 Μενέλαος
1104 1292 1164 1337 μὲν
1194 1291 1252 1327 οὖν
1281 1291 1432 1335 ἀπῆλθεν
1462 1291 1508 1327 εἷς

176 1351 342 1395 Σπάρτην,
372 1349 528 1395 Ἐρμιόνη
564 1350 600 1385 δέ
633 1351 838 1395 μετενόησεν
870 1350 1103 1394 εὖλαβηθεῖσα
1136 1351 1196 1395 τὴν
1228 1350 1418 1396 παρουσίαν
1446 1353 1507 1385 τοῦ

177 1407 429 1451 Νεοπτολέμου.
480 1409 754 1454 παραγενόμενος
788 1408 823 1443 δὲ
859 1409 877 1442 ὁ
907 1407 1072 1453 Ὀρέστης
1105 1407 1230 1453 ταύτην
1261 1408 1323 1453 μὲν
1355 1407 1506 1454 ἀπήγαγε

175 1466 306 1509 πείσας,
327 1467 556 1512 Νεοπτολέμῳ
577 1465 613 1501 δὲ
637 1465 899 1507 ἐπεβούλευσεν·
927 1464 965 1501 ὃν
987 1468 1040 1501 καὶ
1064 1466 1273 1511 φονευθέντα
1295 1468 1453 1512 παρῆσαν
1476 1467 1507 1500 οἱ

174 1524 347 1567 φέροντες.
397 1526 510 1567 Πηλεῖ
536 1524 573 1558 δὲ
601 1523 765 1568 μέλλοντι
792 1526 849 1559 τὸν
874 1525 993 1570 νεκρὸν
1017 1525 1150 1569 θρηνεῖν
1177 1527 1275 1561 Θέτις
1299 1525 1505 1570 ἐπιφανεῖσα

118 1596 154 1629 15
174 1583 295 1616 τοῦτον
327 1582 387 1626 μὲν
420 1581 584 1627 ἐπέταξεν
616 1582 654 1618 ἐν
689 1583 843 1627 Δελφοῖς
875 1581 1000 1628 θάψαι,
1029 1582 1092 1626 τὴν
1125 1582 1160 1617 δέ
1194 1580 1428 1628 Ἀνδρομάχην
1462 1582 1507 1617 εἷς

175 1639 387 1676 Μολοσσοὺς
412 1638 617 1676 ἀποστεῖλαι
641 1641 726 1684 μετὰ
750 1642 812 1675 τοῦ
836 1640 970 1684 παιδός,
996 1640 1096 1675 αὐτὸν
1122 1639 1158 1674 δέ
1182 1639 1369 1675 ἀθανασίαν
1394 1654 1505 1684 προσ-

174 1698 348 1744 δέχεσθαι.
398 1700 511 1744 τυχὼν
529 1698 565 1733 δέ
583 1698 683 1742 αὐτῆς
701 1698 748 1734 εἷς
764 1699 922 1745 μακάρων
940 1698 1064 1743 νήσους
1081 1697 1223 1745 ᾤκησεν.

817 1813 864 1852 II

293 1911 300 1918 .
330 1883 348 1927 ἡ
379 1885 440 1928 μὲν
470 1885 574 1929 σκηνὴ
604 1886 665 1919 τοῦ
696 1884 865 1929 δράματος
895 1884 1067 1918 ὑποκεῖται
1096 1883 1132 1918 ἐν
1162 1884 1258 1928 Φθίᾳ,
1287 1884 1305 1917 ὁ
1336 1883 1371 1917 δὲ
1399 1884 1504 1929 χορὸς

172 1943 382 1987 συνέστηκεν
405 1943 443 1978 ἐκ
468 1942 662 1978 Φθιωτίδων
688 1946 863 1988 γυναικῶν.
911 1943 1109 1988 προλογίζει
1131 1941 1167 1977 δὲ
1188 1941 1414 1987 Ἀνδρομάχη.
1464 1943 1503 1976 τὸ

215 2040 463 2080 Argumentum
480 2046 514 2072 et
530 2041 641 2072 Dram.
661 2040 756 2072 Pers.
771 2050 836 2072 om.
851 2040 889 2079 L,
903 2040 978 2071 add.
997 2040 1035 2070 L²
1099 2036 1104 2041 ’
1128 2050 1140 2069 1
1168 2041 1230 2079 τὴν
1242 2039 1461 2081 τοῦἽ-Ξκτορος
1474 2040 1504 2069 V

172 2094 193 2124 3
217 2084 358 2125 πρῶτον]
376 2084 530 2126 πρότερον
548 2084 702 2116 Lascaris
847 2094 869 2123 9
894 2084 1140 2122 ἀπαντήσαντες
1156 2083 1187 2113 V
1275 2083 1448 2124 ἇνήγειραν
1465 2083 1502 2114 L²

176 2137 215 2166 13
240 2127 370 2168 πείσας]
389 2130 433 2160 εἷς
450 2128 601 2170 Σπάρτην
619 2128 644 2158 Ρ
744 2127 796 2168 ὃν]
822 2128 851 2159 οἳ
869 2127 901 2157 Μ
914 2127 944 2157 V
957 2127 983 2158 B
998 2128 1037 2158 N.
1085 2127 1221 2167 Aliquid
1239 2127 1360 2158 deesse
1378 2127 1503 2157 iudicat

174 2171 351 2202 Schwartz
532 2181 570 2210 15
603 2171 695 2212 θάψαι
713 2180 756 2201 ex
772 2170 880 2209 μένειν
897 2181 1028 2202 correx.
1049 2171 1078 2200 V
1258 2171 1297 2201 16
1325 2169 1501 2202 ἀπέστειλε

173 2215 269 2287 ᾖκίἀ.
291 2214 336 2254 (V
347 2214 371 2254 ἲ)
389 2225 397 2245 τ
422 2225 508 2246 corr.
526 2215 681 2246 Lascaris
699 2220 732 2245 et
749 2214 908 2246 Musurus
1000 2224 1037 2253 17
1062 2214 1210 2255 τυχόντα
1225 2213 1261 2246 δὲ
1277 2237 1285 2245 .
1301 2237 1309 2245 .
1329 2235 1338 2243 .
1358 2213 1502 2251 οἶκήσειν

213 2267 352 2289 ermann

216 2301 327 2340 Caput
344 2302 530 2333 secundum
548 2302 772 2342 fragmentum
786 2301 919 2332 videtur
935 2310 1010 2332 esse
1023 2301 1214 2340 argumenti
1229 2299 1476 2341 Aristophanci
1493 2311 1499 2330 :

173 2345 332 2376 omissum
351 2350 402 2376 est
420 2345 453 2376 in
474 2345 506 2375 M
520 2346 547 2376 B
561 2345 591 2376 O
757 2346 797 2376 18
821 2347 985 2379 ὑποκεῖται
1002 2344 1252 2377 VVilamowitz:
1278 2347 1382 2378 κεῖται
1399 2344 1495 2376 codd.

178 2398 216 2426 19
239 2390 440 2428 συνέστηκεν
458 2388 484 2420 L
496 2388 522 2419 Ρ
538 2400 545 2420 ι
569 2399 632 2420 om.
655 2388 687 2420 M
702 2388 731 2419 N
743 2388 814 2420 VA
