1651 2780
615 110 963 147 ETPHTIAOT

219 216 376 265 λαβεῖν,
407 212 585 266 συνάψαι
611 213 644 253 τ’
670 215 712 253 ἐκ
738 217 846 254 δυοῖν
869 214 962 265 μίαν
987 214 1116 267 χάριν.
1391 227 1451 259 515

121 284 198 321 Φα.
219 280 365 332 πότερα
390 283 430 321 δὲ
456 279 626 334 χριστὸν
652 277 675 331 ἢ
701 281 822 322 ποτ-ὸν
847 280 892 321 τὸ
918 280 1146 334 φάρμακον,-

120 351 191 400 Τρ.
219 347 287 387 οὐκ
312 346 397 387 οἶδ”
435 347 615 394 ὀνάσθαι,
642 347 696 399 μὴ
720 350 860 399 μαθεῖν
884 348 1047 399 βούλου,
1074 347 1223 389 τέκνον.

119 417 196 455 Φα.
218 413 363 467 δέδοιχ’
390 413 495 457 ὅπως
519 431 585 465 μοι
609 414 661 465 μὴ
687 415 779 455 λίαν
805 416 934 472 φανῇς
961 414 1083 467 σοφή.

118 484 189 533 Τρ.
217 479 330 522 πάντ’
356 480 404 521 ἂν
430 481 647 534 φοβηθεῖσ’
673 483 771 522 ἵσθι·
810 483 1019 533 δειμαίνεις
1044 484 1085 523 δὲ
1109 483 1166 529 τί,·

120 551 196 588 (Da.
217 546 269 599 μή
295 549 366 598 μοί
386 565 422 588 τι
449 545 621 599 Θησέως
645 552 769 589 τῶνδε
793 548 972 605 μηνύσῃς
996 549 1110 603 τόκῳ.
1145 540 1148 543 Δ
1272 577 1275 581 ·
1387 562 1453 592 520

117 618 189 669 Τρ.
217 614 351 661 ἔασον,
379 613 408 655 ὦ
434 618 518 656 παῖ·
557 614 661 655 ταῦτ’
689 616 767 668 ἐγὼ
792 614 902 666 θήσω
930 619 1071 657 καλῶς.

218 682 340 733 μόνον
366 681 417 722 σύ
439 699 518 734 μοι,
547 682 741 724 δέσποινα
765 684 908 724 ποντία
935 683 1075 735 Κύπρι,

220 748 412 801 συνεργὸς
437 750 531 800 εἴης.
602 749 733 790 τᾶλλα
758 749 790 790 δ’
820 749 869 790 οἷ’
895 750 972 802 ἐγὼ
999 753 1133 802 φρονῶ

219 819 302 858 τοῖς
327 815 439 856 ἔνδον
463 816 556 867 ἡμῖν
582 816 741 869 ἀρκέσει
766 814 879 866 λέξαι
905 816 1053 869 φίλοις.

120 919 190 957 Χο.
281 915 413 968 ’Έρως
430 915 575 968 ’Έρως,
603 915 624 956 ὃ
650 916 733 957 κατ’
759 915 945 968 ὀμμάτων
1346 912 1450 969 [στρ.

287 981 442 1033 στάζεις
467 983 604 1029 πόθον,
634 982 808 1035 εἰσάγων
832 987 1019 1035 γλυκεῖαν
1390 987 1452 1026 526

285 1054 400 1105 ψυχᾷ
423 1048 541 1103 χάριν
567 1050 632 1091 οὓς
658 1049 964 1106 ἐπιστρατεύσῃ,

286 1115 338 1167 μή
363 1117 433 1167 μοί
449 1132 545 1157 ποτε
571 1116 646 1157 σὺν
673 1120 774 1171 κακῷ
802 1117 968 1169 φανείης

352 1182 441 1234 μηδ’
468 1183 664 1235 άρρυθμος
689 1183 834 1225 ἔλθοις.

286 1250 374 1291 οὔτε
399 1251 473 1302 γὰρ
501 1250 620 1302 πυρὸς
646 1250 725 1290 οὔτ’
751 1249 909 1302 ἄστρων
933 1248 1147 1303 ὑπέρτερον
1172 1249 1309 1302 βέλος,
1390 1263 1453 1294 530

287 1317 371 1357 οῖον
396 1317 440 1357 τὸ
465 1320 534 1358 τᾶς
560 1316 800 1369 Ἀφροδίτας

286 1384 393 1434 ἵησιν
420 1385 461 1424 ἐκ
487 1388 616 1437 χερῶν

346 1449 489 1502 ”Ερως,
517 1451 536 1490 ὁ
565 1450 661 1493 Διὸς
687 1455 790 1494 παῖς.

287 1550 421 1592 ἄλλως
447 1550 581 1593 ἄλλως
607 1552 712 1604 παρά
737 1552 769 1592 τ’
795 1551 959 1606 Ἀλφεῷ
1349 1546 1450 1603 [ἀντ.

287 1619 442 1669 Φοίβου
467 1618 499 1658 τ’
528 1619 592 1659 ἐπὶ
619 1620 784 1660 Πυθίοις
808 1618 1014 1670 τεράμνοις
1389 1620 1451 1661 536

285 1685 436 1735 βούταν
463 1685 589 1737 φόνον
613 1683 764 1727 Ἑλλας
790 1681 882 1737 <αι’>
907 1684 1025 1735 ἀεξει·

281 1750 441 1804 ’Έρωτα
465 1751 519 1798 δέ,
547 1751 615 1792 τὸν
640 1751 830 1804 τύραννον
856 1752 1019 1804 ἀνδρῶν,

353 1818 422 1859 τὸν
446 1821 515 1861 τᾶς
539 1818 791 1871 Ἀφροδίτας

287 1885 493 1937 φιλτάτων
519 1885 707 1937 θαλάμων
734 1887 969 1942 κλῃδοῦχον,
998 1884 1042 1925 οὐ
1068 1885 1295 1936 σεβίζομεν,
1387 1897 1451 1929 540

163 1986 225 2016 515
263 1978 395 2009 Desinit
424 1978 456 2008 K
618 1980 681 2017 518
718 1981 816 2019 σοφῆι
845 1980 946 2019 φανῆς
977 1977 1009 2007 Μ
1171 1986 1236 2016 520
1268 1976 1396 2019 μηνύσῃ
1425 1976 1452 2007 Ρ

119 2019 221 2053 τέκνω
241 2021 267 2052 L
419 2030 571 2061 525—542
598 2021 795 2052 Notandum
813 2026 864 2052 est
881 2021 1022 2060 primam
1040 2019 1204 2059 syllabam
1223 2020 1299 2061 ἔρως
1316 2029 1452 2059 semper

120 2064 154 2103 (i.
169 2074 198 2094 e.
226 2064 361 2104 quater)
387 2064 510 2104 longae
535 2066 745 2105 respondere
893 2073 956 2103 525
984 2065 1001 2096 ὃ
1027 2063 1059 2094 Μ
1075 2063 1167 2093 BN:
1197 2064 1214 2095 ’ὸ
1240 2063 1310 2095 ἀντὶ
1335 2065 1394 2094 τοῦ
1416 2064 1451 2095 ὃς

118 2106 208 2140 EN:
242 2108 276 2140 ὃς
302 2107 453 2139 AVLP
483 2108 703 2148 (glossemata
731 2110 765 2141 ὃς
795 2117 962 2148 suprascr.
994 2107 1032 2146 B,
1064 2108 1154 2139 ὅστις
1182 2107 1215 2136 in
1245 2117 1274 2137 v.
1306 2106 1370 2144 526
1399 2105 1449 2146 M)

118 2151 182 2189 526
213 2150 339 2192 στάζεις
365 2151 422 2182 M:
456 2162 540 2183 corr.
568 2152 634 2183 M2:
669 2151 818 2192 ÷÷n·†a'.(÷15
844 2152 870 2182 L
1036 2160 1098 2189 527
1131 2153 1222 2192 ψυχᾷ
1244 2148 1448 2183 AVLPE:

118 2196 224 2234 ψυχᾶς
249 2194 306 2225 M:
337 2198 456 2236 ψυχαῖς
481 2195 569 2226 Μ’·’Β
683 2196 749 2236 οὓς]
775 2195 820 2228 οῖς
845 2193 963 2225 M2B2:
999 2193 1046 2227 αἷς
1072 2194 1101 2224 Ν
1126 2194 1160 2224 in
1186 2203 1249 2224 ras.
1275 2197 1309 2223 et
1334 2192 1448 2225 Haun.

119 2245 182 2275 532
220 2240 279 2276 τῆς
318 2238 505 2279 ἀφροδισίοις
544 2237 577 2269 Μ
765 2248 828 2278 533
867 2240 973 2279 χερῶν
1011 2237 1155 2268 Aldina:
1195 2239 1313 2278 xecfiv
1352 2236 1450 2268 coda.

118 2289 182 2319 535
207 2280 336 2322 Ἀλφεῷ
356 2281 402 2313 P:
428 2283 551 2324 ἀλφειῷ
569 2282 638 2314 rell.
765 2292 827 2322 537
853 2280 899 2314 αἶ’
915 2281 991 2312 add.
1013 2281 1191 2312 Hermann
1314 2279 1378 2318 538
1402 2279 1448 2317 δέ,

119 2323 195 2396 ’1ηὲιὲ
206 2323 243 2397 δὲ
260 2326 322 2363 τὴν
335 2324 380 2358 P:
400 2325 434 2358 δὲ
447 2326 478 2356 Α
604 2335 664 2365 541
685 2329 870 2369 κλῃδοῦχον
885 2325 910 2355 L
924 2324 950 2355 Ρ
963 2324 990 2355 Β
1006 2330 1038 2356 et
1056 2324 1177 2355 lemma
1192 2327 1216 2358 Σ
1231 2333 1238 2354 :
1255 2325 1450 2363 κλειδοῦχον
