1651 2780
622 131 976 169 ΕΥΡΙΠΙΔΟΥ

229 232 366 275 σκαιὸς
392 235 466 286 γὰρ
493 233 603 287 ἁνήρ.
675 238 756 278 τοῖς
782 240 930 288 σοφοῖς
957 235 990 275 δ’
1017 235 1154 277 εὐκτὸν
1179 241 1298 293 σοφῷ

228 299 375 353 ἔχθραν
402 300 630 348 συνάπτειν,
659 301 710 352 μὴ
739 303 884 353 ἀμαθεῖ
909 302 1146 355 φρονήματι·

229 369 383 418 πολλῆς
408 369 483 420 γὰρ
508 369 638 410 αἰδοῦς
667 369 728 410 καὶ
755 370 863 420 δίκης
888 387 946 412 τις
972 371 1020 411 ἂν
1046 371 1171 424 τύχοι.

130 436 199 473 Xo.
226 431 256 473 ὦ
283 433 454 486 πρέσβυ,
481 434 534 486 μή
561 452 629 475 νυν
655 434 761 486 τήνδ’
789 437 950 478 ἐπαιτιῶ
977 438 1108 478 πόλιν·

228 499 317 554 τάχ’
343 500 391 541 ἂν
415 503 490 553 γὰρ
514 501 608 552 ἡμῖν
634 505 780 554 ψευδὲς
809 503 900 544 ἀλλ’
927 505 1031 555 ὅμως
1057 503 1177 544 κακὸν

228 565 371 618 γένοιτ’
398 569 547 610 ὄνειδος
574 568 624 611 ὡς
650 567 784 618 ξένους
811 571 1103 622 προυδώκαμεν.

130 637 203 684 Δη.
224 638 386 687 γενναῖα
411 637 483 686 μὲν
508 634 592 675 τάδ’
620 635 744 683 εἶπας,
774 636 864 677 ἀλλ’
893 636 1090 692 ἀμήχανα.

227 701 271 741 οὐ
299 705 372 742 σοῦ
397 703 569 756 χατίζων
594 702 695 755 δεῦρ’
723 703 826 754 ἄναξ
849 710 1126 756 στρατηλατεῖ·

227 769 267 809 τί
289 770 365 821 γὰρ
390 769 574 821 γέροντος
602 770 743 822 ἀνδρὸς
771 771 972 823 Εὐρυσθεῖ
994 771 1119 812 πλέον

228 836 435 883 θανόντος;
475 838 582 877 ἀλλὰ
608 837 751 878 τούσδε
778 838 970 888 βούλεται
997 843 1163 879 κτανεῖν.

227 901 356 944 δεινὸν
383 905 458 956 γὰρ
484 905 644 958 ἐχθροῖς
670 903 973 955 βλαστάνοντες
1001 906 1185 958 εὐγενεῖς,

227 971 378 1010 νεανίαι
402 987 444 1011 τε
471 971 532 1011 καὶ
559 970 705 1023 πατρὸς
730 972 971 1023 μεμνημένοι

227 1036 366 1087 λύμας·
404 1037 428 1077 ἃ
455 1041 583 1078 κεῖνον
610 1037 738 1078 πάντα
765 1042 1010 1090 προσκοπεῖν
1035 1039 1175 1093 χρεών.

229 1102 333 1149 ἀλλ’,
362 1105 399 1144 εἵ
420 1104 494 1145 τιν’
522 1104 652 1155 ἄλλην
679 1104 798 1145 οἶσθα
826 1105 1080 1158 καιριωτέραν

228 1170 396 1222 βουλήν,
426 1170 615 1222 ἑτοίμαζ’,
645 1171 696 1214 ὡς
722 1171 841 1224 ἔγωγ’
869 1171 1072 1227 ἀμήχανος

228 1241 421 1290 χρησμῶν
447 1238 621 1281 ἀκούσας
648 1239 725 1289 εἰμὶ
754 1239 816 1279 καὶ
842 1240 977 1292 φόβου
1001 1239 1146 1283 πλέως.

130 1321 362 1351 MAKAPIA

129 2052 181 2089 Ιο.

229 1380 347 1432 ξένοι,
378 1381 526 1435 θράσος
549 1400 615 1434 μοι
641 1385 762 1434 μηδὲν
790 1382 940 1435 ἐξόδοις
966 1385 1077 1435 ἐμαῖς

229 1451 443 1501 προσθῆτε·
484 1454 639 1502 πρῶτον
665 1452 739 1503 γὰρ
764 1450 845 1491 τόδ’
873 1450 1143 1503 ἐξαιτήσομαι·

229 1517 382 1567 γυναικὶ
407 1518 482 1569 γὰρ
509 1516 604 1569 σιγή
631 1534 673 1558 τε
701 1519 763 1559 καὶ
789 1517 833 1558 τὸ
860 1521 1087 1571 σωφρονεῖν

229 1581 461 1629 κάλλιστον,
490 1584 586 1624 εἵσω
612 1583 646 1623 θ’
672 1584 825 1638 ἥσυχον
850 1584 983 1636 μένειν
1009 1585 1151 1636 δόμων.

228 1653 305 1690 τῶν
332 1654 414 1690 σῶν
439 1649 472 1690 δ’
497 1650 707 1697 ἀκούσασ’,
737 1650 907 1698 Ἰόλεως,
938 1650 1221 1703 στεναγμάτων

229 1715 411 1767 ἐξῆλθον,
440 1716 483 1756 οὐ
507 1720 704 1771 ταχθεῖσα
730 1719 971 1770 πρεσβεύειν
997 1718 1146 1771 γένους.

231 1782 335 1829 ἀλλ’,
364 1784 441 1834 εἰμὶ
466 1783 541 1835 γάρ
568 1801 649 1826 πως
676 1785 921 1837 πρόσφορος,
949 1784 1062 1835 μέλει
1088 1784 1131 1826 δέ
1155 1802 1221 1836 μοι

227 1848 390 1900 μάλιστ’
417 1851 617 1903 ἀδελφῶν,
645 1854 767 1892 τῶνδε
793 1852 990 1903 κάμαυτῆς
1015 1850 1104 1903 πέρι

228 1915 333 1957 θέλω
360 1916 567 1964 πυθέσθαι,
593 1918 646 1969 μὴ
672 1918 729 1959 ’πὶ
755 1922 836 1960 τοῖς
861 1918 986 1959 πάλαι
1012 1922 1144 1960 κακοῖς

229 1985 517 2036 προσκείμενόν
542 2001 579 2025 τι
605 1987 713 2036 πῆμα
741 1985 816 2035 σὴν
842 1984 973 2026 δάκνει
999 1984 1138 2037 φρένα.

233 2048 262 2090 ὦ
288 2055 370 2097 παῖ,
397 2051 576 2102 μάλιστα
602 2051 640 2091 σ’
666 2052 711 2092 οὐ
737 2052 881 2093 νεωστὶ
907 2052 952 2103 δὴ
978 2051 1125 2092 τέκνων

227 2121 305 2158 τῶν
330 2117 581 2170 “Ηρακλείων
608 2120 769 2160 ἐνδίκως
795 2120 918 2159 αἰνεῖν
944 2118 1036 2171 ἔχω.

228 2183 320 2235 ἡμῖν
346 2187 387 2226 δὲ
413 2184 529 2235 δόξας
555 2186 596 2226 εὖ
621 2188 880 2239 προχωρῆσαι
907 2185 1047 2237 δρόμος

1397 375 1463 415 460

1397 710 1461 750 4⁶5

1397 1051 1462 1083 470

1397 1463 1460 1495 475

1398 1789 1460 1829 480

1392 2122 1456 2162 485

172 2277 235 2316 458
259 2278 337 2318 ἀνὴρ
355 2277 380 2307 L
393 2277 419 2308 P
552 2278 617 2316 460
639 2277 726 2318 τύχη
744 2276 830 2307 LP:
855 2287 938 2307 corr.
960 2276 1110 2316 Elmsley
1262 2276 1322 2313 461
1349 2274 1455 2315 τήνδ’]

128 2321 220 2353 τῶνδ’
238 2321 450 2352 Valckenaer
571 2323 634 2360 462
658 2320 771 2362 ψευδὲς
790 2320 907 2351 Nauck
923 2331 930 2350 τ
953 2322 1065 2360 ψεῦδος
1085 2319 1110 2349 L
1123 2319 1149 2350 P
1268 2329 1332 2358 470
1355 2318 1456 2358 λύμης

128 2364 280 2404 Elmsley
398 2375 460 2403 472
485 2364 590 2403 βολήν
608 2364 634 2395 Ρ
745 2374 807 2403 477
833 2363 858 2395 θ’
878 2363 1047 2402 Elmsley:
1074 2364 1101 2395 δ’
1121 2363 1146 2392 L
1160 2363 1186 2393 P

130 2409 244 2441 στατὶς
263 2408 517 2439 Rauchenstein
652 2407 717 2445 486
741 2407 853 2448 δρόμος
869 2406 994 2445 Jacobs
1010 2416 1016 2436 ε
1042 2405 1136 2445 δόμος
1156 2405 1219 2436 LP

1297 2363 1362 2401 480
1384 2374 1456 2403 προ-
