<?xml version="1.0" encoding="UTF-8"?>
<!DOCTYPE html PUBLIC "-//W3C//DTD XHTML 1.0 Transitional//EN"
    "http://www.w3.org/TR/xhtml1/DTD/xhtml1-transitional.dtd">
<html xmlns="http://www.w3.org/1999/xhtml" xml:lang="en" lang="en">
 <head>
  <title>
</title>
<meta http-equiv="Content-Type" content="text/html;charset=utf-8" />
  <meta name='ocr-system' content='tesseract 3.04.00' />
  <meta name='ocr-capabilities' content='ocr_page ocr_carea ocr_par ocr_line ocrx_word'/>
</head>
<body>
  <div class='ocr_page' id='page_1' title='image "./euripidisfabulae01euriuoft_0017.png"; bbox 0 0 1683 2732; ppageno 0'>
   <div class='ocr_carea' id='block_1_1' title="bbox 604 79 1020 121">
    <p class='ocr_par' dir='ltr' id='par_1_1' title="bbox 604 79 1020 121">
     <span class='ocr_line' id='line_1_1' title="bbox 604 79 1020 121; baseline 0.005 -2"><span class='ocrx_word' id='word_1_1' title='bbox 604 79 1020 121; x_wconf 83' lang='lat' dir='ltr'><strong>PRAEFATIO</strong></span> 
     </span>
    </p>
   </div>
   <div class='ocr_carea' id='block_1_2' title="bbox 121 192 1471 2491">
    <p class='ocr_par' dir='ltr' id='par_1_2' title="bbox 121 192 1471 2491">
     <span class='ocr_line' id='line_1_2' title="bbox 150 192 1471 246; baseline 0.002 -15"><span class='ocrx_word' id='word_1_2' title='bbox 150 193 366 233; x_wconf 85' lang='lat' dir='ltr'>instructa.</span> <span class='ocrx_word' id='word_1_3' title='bbox 430 193 480 232; x_wconf 92' lang='lat' dir='ltr'>In</span> <span class='ocrx_word' id='word_1_4' title='bbox 515 192 763 246; x_wconf 90' lang='lat' dir='ltr'>Hippolyto</span> <span class='ocrx_word' id='word_1_5' title='bbox 794 200 969 244; x_wconf 87' lang='lat' dir='ltr'>praesto</span> <span class='ocrx_word' id='word_1_6' title='bbox 1000 200 1124 234; x_wconf 85' lang='lat' dir='ltr'>erant</span> <span class='ocrx_word' id='word_1_7' title='bbox 1154 194 1471 236; x_wconf 53' lang='lat' dir='ltr'>WVilamowitzii</span> 
     </span>
     <span class='ocr_line' id='line_1_3' title="bbox 149 261 1469 303; baseline 0.002 -3"><span class='ocrx_word' id='word_1_8' title='bbox 149 261 402 302; x_wconf 80' lang='lat' dir='ltr'>collationes</span> <span class='ocrx_word' id='word_1_9' title='bbox 434 274 532 302; x_wconf 90' lang='lat' dir='ltr'>cum</span> <span class='ocrx_word' id='word_1_10' title='bbox 565 267 693 301; x_wconf 83' lang='lat' dir='ltr'>textu</span> <span class='ocrx_word' id='word_1_11' title='bbox 721 261 878 301; x_wconf 84' lang='lat' dir='ltr'>editae.</span> <span class='ocrx_word' id='word_1_12' title='bbox 940 261 991 301; x_wconf 92' lang='lat' dir='ltr'>In</span> <span class='ocrx_word' id='word_1_13' title='bbox 1012 261 1327 303; x_wconf 86' lang='lat' dir='ltr'>Andromacha</span> <span class='ocrx_word' id='word_1_14' title='bbox 1356 264 1469 303; x_wconf 86' lang='lat' dir='ltr'>idem</span> 
     </span>
     <span class='ocr_line' id='line_1_4' title="bbox 121 329 1469 382; baseline 0.001 -14"><span class='ocrx_word' id='word_1_15' title='bbox 121 346 126 350; x_wconf 88' lang='grc'>·</span> <span class='ocrx_word' id='word_1_16' title='bbox 147 329 320 382; x_wconf 88' lang='lat' dir='ltr'>egregia</span> <span class='ocrx_word' id='word_1_17' title='bbox 342 329 608 382; x_wconf 79' lang='lat' dir='ltr'>benignitate</span> <span class='ocrx_word' id='word_1_18' title='bbox 628 329 812 369; x_wconf 87' lang='lat' dir='ltr'>ineditas</span> <span class='ocrx_word' id='word_1_19' title='bbox 839 342 1008 368; x_wconf 90' lang='lat' dir='ltr'>mecum</span> <span class='ocrx_word' id='word_1_20' title='bbox 1031 330 1364 370; x_wconf 82' lang='lat' dir='ltr'>communicavit</span> <span class='ocrx_word' id='word_1_21' title='bbox 1387 331 1469 370; x_wconf 87' lang='lat' dir='ltr'>col-</span> 
     </span>
     <span class='ocr_line' id='line_1_5' title="bbox 148 396 1468 445; baseline 0.001 -8"><span class='ocrx_word' id='word_1_22' title='bbox 148 397 331 437; x_wconf 84' lang='lat' dir='ltr'>lationes</span> <span class='ocrx_word' id='word_1_23' title='bbox 353 396 559 438; x_wconf 88' lang='lat' dir='ltr'>librorum</span> <span class='ocrx_word' id='word_1_24' title='bbox 583 397 629 436; x_wconf 90' lang='lat' dir='ltr'>M</span> <span class='ocrx_word' id='word_1_25' title='bbox 653 396 695 436; x_wconf 91' lang='lat' dir='ltr'>V</span> <span class='ocrx_word' id='word_1_26' title='bbox 718 397 756 436; x_wconf 97' lang='lat' dir='ltr'>L</span> <span class='ocrx_word' id='word_1_27' title='bbox 780 397 810 435; x_wconf 92' lang='lat' dir='ltr'>P</span> <span class='ocrx_word' id='word_1_28' title='bbox 835 397 900 445; x_wconf 90' lang='lat' dir='ltr'>O;</span> <span class='ocrx_word' id='word_1_29' title='bbox 932 397 974 437; x_wconf 92' lang='lat' dir='ltr'>in</span> <span class='ocrx_word' id='word_1_30' title='bbox 997 397 1152 438; x_wconf 81' lang='lat' dir='ltr'><strong>Oreste</strong></span> <span class='ocrx_word' id='word_1_31' title='bbox 1175 398 1223 438; x_wconf 92' lang='lat' dir='ltr'><strong>M</strong></span> <span class='ocrx_word' id='word_1_32' title='bbox 1246 405 1289 438; x_wconf 92' lang='lat' dir='ltr'>et</span> <span class='ocrx_word' id='word_1_33' title='bbox 1314 399 1351 438; x_wconf 94' lang='lat' dir='ltr'>L</span> <span class='ocrx_word' id='word_1_34' title='bbox 1373 413 1468 438; x_wconf 91' lang='lat' dir='ltr'>cum</span> 
     </span>
     <span class='ocr_line' id='line_1_6' title="bbox 147 464 1469 520; baseline 0.002 -16"><span class='ocrx_word' id='word_1_35' title='bbox 147 465 258 506; x_wconf 89' lang='lat' dir='ltr'>notis</span> <span class='ocrx_word' id='word_1_36' title='bbox 298 465 465 517; x_wconf 83' lang='lat' dir='ltr'>aliquot</span> <span class='ocrx_word' id='word_1_37' title='bbox 506 465 561 505; x_wconf 90' lang='lat' dir='ltr'>de</span> <span class='ocrx_word' id='word_1_38' title='bbox 600 465 643 515; x_wconf 88' lang='lat' dir='ltr'>P,</span> <span class='ocrx_word' id='word_1_39' title='bbox 680 471 724 504; x_wconf 93' lang='lat' dir='ltr'>et</span> <span class='ocrx_word' id='word_1_40' title='bbox 760 464 993 505; x_wconf 86' lang='lat' dir='ltr'>collatione</span> <span class='ocrx_word' id='word_1_41' title='bbox 1028 464 1194 518; x_wconf 86' lang='lat' dir='ltr'>integra</span> <span class='ocrx_word' id='word_1_42' title='bbox 1229 467 1469 520; x_wconf 86' lang='lat' dir='ltr'>gravissimi</span> 
     </span>
     <span class='ocr_line' id='line_1_7' title="bbox 144 532 1469 583; baseline 0.001 -10"><span class='ocrx_word' id='word_1_43' title='bbox 144 533 306 573; x_wconf 88' lang='lat' dir='ltr'>codicis</span> <span class='ocrx_word' id='word_1_44' title='bbox 337 533 379 572; x_wconf 86' lang='lat' dir='ltr'><strong>A</strong></span> <span class='ocrx_word' id='word_1_45' title='bbox 411 547 436 573; x_wconf 86' lang='lat' dir='ltr'>a</span> <span class='ocrx_word' id='word_1_46' title='bbox 469 533 688 573; x_wconf 83' lang='lat' dir='ltr'>Sextrone</span> <span class='ocrx_word' id='word_1_47' title='bbox 717 533 857 581; x_wconf 82' lang='lat' dir='ltr'>facta3</span> <span class='ocrx_word' id='word_1_48' title='bbox 899 533 943 572; x_wconf 90' lang='lat' dir='ltr'>in</span> <span class='ocrx_word' id='word_1_49' title='bbox 973 532 1237 574; x_wconf 87' lang='lat' dir='ltr'>Troiadibus</span> <span class='ocrx_word' id='word_1_50' title='bbox 1267 534 1309 574; x_wconf 92' lang='lat' dir='ltr'>V</span> <span class='ocrx_word' id='word_1_51' title='bbox 1340 541 1384 574; x_wconf 87' lang='lat' dir='ltr'>ct</span> <span class='ocrx_word' id='word_1_52' title='bbox 1411 535 1469 583; x_wconf 81' lang='lat' dir='ltr'>P;</span> 
     </span>
     <span class='ocr_line' id='line_1_8' title="bbox 146 601 1469 655; baseline 0.001 -15"><span class='ocrx_word' id='word_1_53' title='bbox 146 601 188 640; x_wconf 89' lang='lat' dir='ltr'>in</span> <span class='ocrx_word' id='word_1_54' title='bbox 221 601 463 641; x_wconf 89' lang='lat' dir='ltr'>Phoenissis</span> <span class='ocrx_word' id='word_1_55' title='bbox 494 601 540 640; x_wconf 89' lang='lat' dir='ltr'>M</span> <span class='ocrx_word' id='word_1_56' title='bbox 573 608 616 641; x_wconf 93' lang='lat' dir='ltr'>et</span> <span class='ocrx_word' id='word_1_57' title='bbox 649 601 711 649; x_wconf 82' lang='lat' dir='ltr'>L;</span> <span class='ocrx_word' id='word_1_58' title='bbox 754 601 798 641; x_wconf 88' lang='lat' dir='ltr'>in</span> <span class='ocrx_word' id='word_1_59' title='bbox 829 601 977 642; x_wconf 82' lang='lat' dir='ltr'>Rheso</span> <span class='ocrx_word' id='word_1_60' title='bbox 1003 601 1041 641; x_wconf 98' lang='lat' dir='ltr'>L</span> <span class='ocrx_word' id='word_1_61' title='bbox 1062 601 1103 641; x_wconf 90' lang='lat' dir='ltr'>V</span> <span class='ocrx_word' id='word_1_62' title='bbox 1126 602 1157 641; x_wconf 91' lang='lat' dir='ltr'>P</span> <span class='ocrx_word' id='word_1_63' title='bbox 1181 602 1220 643; x_wconf 90' lang='lat' dir='ltr'>O</span> <span class='ocrx_word' id='word_1_64' title='bbox 1243 608 1285 642; x_wconf 86' lang='lat' dir='ltr'>et</span> <span class='ocrx_word' id='word_1_65' title='bbox 1318 603 1469 655; x_wconf 78' lang='lat' dir='ltr'>papyri</span> 
     </span>
     <span class='ocr_line' id='line_1_9' title="bbox 144 667 1469 721; baseline 0.002 -14"><span class='ocrx_word' id='word_1_66' title='bbox 144 667 350 708; x_wconf 82' lang='lat' dir='ltr'>Achmin.</span> <span class='ocrx_word' id='word_1_67' title='bbox 414 668 482 708; x_wconf 94' lang='lat' dir='ltr'>De</span> <span class='ocrx_word' id='word_1_68' title='bbox 509 668 657 708; x_wconf 87' lang='lat' dir='ltr'>codice</span> <span class='ocrx_word' id='word_1_69' title='bbox 687 668 1088 721; x_wconf 87' lang='lat' dir='ltr'>Hierosolymitano</span> <span class='ocrx_word' id='word_1_70' title='bbox 1119 669 1297 709; x_wconf 79' lang='lat' dir='ltr'>adhibui</span> <span class='ocrx_word' id='word_1_71' title='bbox 1325 670 1469 710; x_wconf 85' lang='lat' dir='ltr'>omnia</span> 
     </span>
     <span class='ocr_line' id='line_1_10' title="bbox 144 736 1468 789; baseline 0.002 -13"><span class='ocrx_word' id='word_1_72' title='bbox 144 750 254 788; x_wconf 90' lang='lat' dir='ltr'>quae</span> <span class='ocrx_word' id='word_1_73' title='bbox 287 736 447 788; x_wconf 82' lang='lat' dir='ltr'>publici</span> <span class='ocrx_word' id='word_1_74' title='bbox 477 736 578 776; x_wconf 85' lang='lat' dir='ltr'>iuris</span> <span class='ocrx_word' id='word_1_75' title='bbox 605 737 702 776; x_wconf 85' lang='lat' dir='ltr'>fecit</span> <span class='ocrx_word' id='word_1_76' title='bbox 729 736 1034 789; x_wconf 88' lang='lat' dir='ltr'>Papadopulos</span> <span class='ocrx_word' id='word_1_77' title='bbox 1059 737 1317 787; x_wconf 88' lang='lat' dir='ltr'>Cerameus;</span> <span class='ocrx_word' id='word_1_78' title='bbox 1349 753 1468 779; x_wconf 90' lang='lat' dir='ltr'>acce-</span> 
     </span>
     <span class='ocr_line' id='line_1_11' title="bbox 143 805 1467 858; baseline 0.002 -14"><span class='ocrx_word' id='word_1_79' title='bbox 143 805 251 845; x_wconf 91' lang='lat' dir='ltr'>dunt</span> <span class='ocrx_word' id='word_1_80' title='bbox 273 819 383 858; x_wconf 88' lang='lat' dir='ltr'>quae</span> <span class='ocrx_word' id='word_1_81' title='bbox 404 819 429 845; x_wconf 86' lang='lat' dir='ltr'>a</span> <span class='ocrx_word' id='word_1_82' title='bbox 452 805 504 844; x_wconf 90' lang='lat' dir='ltr'>R.</span> <span class='ocrx_word' id='word_1_83' title='bbox 531 805 869 846; x_wconf 85' lang='lat' dir='ltr'>Reitzensteinio</span> <span class='ocrx_word' id='word_1_84' title='bbox 896 813 1104 858; x_wconf 83' lang='lat' dir='ltr'>excerpta</span> <span class='ocrx_word' id='word_1_85' title='bbox 1135 808 1467 848; x_wconf 80' lang='lat' dir='ltr'>communicavit</span> 
     </span>
     <span class='ocr_line' id='line_1_12' title="bbox 144 872 1468 917; baseline 0.004 -5"><span class='ocrx_word' id='word_1_86' title='bbox 144 886 314 913; x_wconf 90' lang='lat' dir='ltr'>mecum</span> <span class='ocrx_word' id='word_1_87' title='bbox 355 872 727 915; x_wconf 43' lang='lat' dir='ltr'>&amp;Vilamowitzius</span> <span class='ocrx_word' id='word_1_88' title='bbox 809 874 957 914; x_wconf 83' lang='lat' dir='ltr'>Habui</span> <span class='ocrx_word' id='word_1_89' title='bbox 1009 876 1138 915; x_wconf 86' lang='lat' dir='ltr'>etiam</span> <span class='ocrx_word' id='word_1_90' title='bbox 1190 875 1233 915; x_wconf 90' lang='lat' dir='ltr'>in</span> <span class='ocrx_word' id='word_1_91' title='bbox 1284 876 1468 917; x_wconf 90' lang='lat' dir='ltr'>Hecuba</span> 
     </span>
     <span class='ocr_line' id='line_1_13' title="bbox 143 941 1466 995; baseline 0.004 -15"><span class='ocrx_word' id='word_1_92' title='bbox 143 941 311 982; x_wconf 83' lang='lat' dir='ltr'>Alcesti</span> <span class='ocrx_word' id='word_1_93' title='bbox 330 942 489 982; x_wconf 87' lang='lat' dir='ltr'>Medea</span> <span class='ocrx_word' id='word_1_94' title='bbox 507 942 659 982; x_wconf 86' lang='lat' dir='ltr'>Prinzii</span> <span class='ocrx_word' id='word_1_95' title='bbox 676 942 928 982; x_wconf 83' lang='lat' dir='ltr'>collationes</span> <span class='ocrx_word' id='word_1_96' title='bbox 948 944 1308 995; x_wconf 64' lang='lat' dir='ltr'>accuratissimus,</span> <span class='ocrx_word' id='word_1_97' title='bbox 1325 945 1366 984; x_wconf 92' lang='lat' dir='ltr'>in</span> <span class='ocrx_word' id='word_1_98' title='bbox 1387 944 1466 985; x_wconf 87' lang='lat' dir='ltr'>hac</span> 
     </span>
     <span class='ocr_line' id='line_1_14' title="bbox 142 1009 1466 1065; baseline 0.004 -16"><span class='ocrx_word' id='word_1_99' title='bbox 142 1010 272 1050; x_wconf 88' lang='lat' dir='ltr'>etiam</span> <span class='ocrx_word' id='word_1_100' title='bbox 289 1009 456 1050; x_wconf 88' lang='lat' dir='ltr'>Vitellii</span> <span class='ocrx_word' id='word_1_101' title='bbox 474 1010 742 1063; x_wconf 82' lang='lat' dir='ltr'>spicilegium</span> <span class='ocrx_word' id='word_1_102' title='bbox 765 1025 772 1061; x_wconf 72' lang='grc' dir='ltr'><strong><em>ς</em></strong></span> <span class='ocrx_word' id='word_1_103' title='bbox 805 1011 890 1050; x_wconf 87' lang='lat' dir='ltr'>iam</span> <span class='ocrx_word' id='word_1_104' title='bbox 909 1025 1036 1063; x_wconf 91' lang='lat' dir='ltr'>opere</span> <span class='ocrx_word' id='word_1_105' title='bbox 1058 1012 1183 1052; x_wconf 90' lang='lat' dir='ltr'>huius</span> <span class='ocrx_word' id='word_1_106' title='bbox 1200 1013 1309 1053; x_wconf 90' lang='lat' dir='ltr'>tomi</span> <span class='ocrx_word' id='word_1_107' title='bbox 1331 1027 1466 1065; x_wconf 89' lang='lat' dir='ltr'>paene</span> 
     </span>
     <span class='ocr_line' id='line_1_15' title="bbox 141 1077 1465 1131; baseline 0.002 -13"><span class='ocrx_word' id='word_1_108' title='bbox 141 1077 342 1119; x_wconf 85' lang='lat' dir='ltr'>absoluto</span> <span class='ocrx_word' id='word_1_109' title='bbox 372 1079 642 1131; x_wconf 83' lang='lat' dir='ltr'>gratissimae</span> <span class='ocrx_word' id='word_1_110' title='bbox 673 1078 779 1118; x_wconf 88' lang='lat' dir='ltr'>mihi</span> <span class='ocrx_word' id='word_1_111' title='bbox 801 1087 1072 1120; x_wconf 88' lang='lat' dir='ltr'>accesserunt</span> <span class='ocrx_word' id='word_1_112' title='bbox 1094 1080 1285 1121; x_wconf 87' lang='lat' dir='ltr'>eiusdem</span> <span class='ocrx_word' id='word_1_113' title='bbox 1310 1081 1465 1121; x_wconf 86' lang='lat' dir='ltr'>Prinzii</span> 
     </span>
     <span class='ocr_line' id='line_1_16' title="bbox 141 1146 1463 1202; baseline 0.004 -17"><span class='ocrx_word' id='word_1_114' title='bbox 141 1146 390 1187; x_wconf 85' lang='lat' dir='ltr'>collationes</span> <span class='ocrx_word' id='word_1_115' title='bbox 422 1147 627 1199; x_wconf 89' lang='lat' dir='ltr'>Cyclopis</span> <span class='ocrx_word' id='word_1_116' title='bbox 657 1147 989 1188; x_wconf 87' lang='lat' dir='ltr'>Heraclidarum</span> <span class='ocrx_word' id='word_1_117' title='bbox 1023 1148 1258 1202; x_wconf 87' lang='lat' dir='ltr'>Hippolyti</span> <span class='ocrx_word' id='word_1_118' title='bbox 1288 1148 1463 1190; x_wconf 88' lang='lat' dir='ltr'>Andro-</span> 
     </span>
     <span class='ocr_line' id='line_1_17' title="bbox 141 1214 1464 1268; baseline 0.003 -14"><span class='ocrx_word' id='word_1_119' title='bbox 141 1214 328 1254; x_wconf 88' lang='lat' dir='ltr'>machae.</span> <span class='ocrx_word' id='word_1_120' title='bbox 392 1214 644 1267; x_wconf 88' lang='lat' dir='ltr'>Recognovi</span> <span class='ocrx_word' id='word_1_121' title='bbox 687 1216 874 1267; x_wconf 85' lang='lat' dir='ltr'>denique</span> <span class='ocrx_word' id='word_1_122' title='bbox 916 1216 1008 1268; x_wconf 89' lang='lat' dir='ltr'>ipse</span> <span class='ocrx_word' id='word_1_123' title='bbox 1042 1217 1212 1257; x_wconf 89' lang='lat' dir='ltr'>codices</span> <span class='ocrx_word' id='word_1_124' title='bbox 1251 1218 1464 1259; x_wconf 85' lang='lat' dir='ltr'>Parisinos</span> 
     </span>
     <span class='ocr_line' id='line_1_18' title="bbox 142 1282 1461 1338; baseline 0.005 -17"><span class='ocrx_word' id='word_1_125' title='bbox 142 1282 415 1323; x_wconf 86' lang='lat' dir='ltr'>Florentinos</span> <span class='ocrx_word' id='word_1_126' title='bbox 461 1282 682 1324; x_wconf 88' lang='lat' dir='ltr'>Romanos</span> <span class='ocrx_word' id='word_1_127' title='bbox 727 1284 1093 1337; x_wconf 82' lang='lat' dir='ltr'>Neapolitanum3</span> <span class='ocrx_word' id='word_1_128' title='bbox 1148 1299 1343 1338; x_wconf 83' lang='lat' dir='ltr'>novaque</span> <span class='ocrx_word' id='word_1_129' title='bbox 1389 1294 1461 1327; x_wconf 86' lang='lat' dir='ltr'>aut</span> 
     </span>
     <span class='ocr_line' id='line_1_19' title="bbox 139 1351 1462 1408; baseline 0.003 -18"><span class='ocrx_word' id='word_1_130' title='bbox 139 1351 405 1391; x_wconf 85' lang='lat' dir='ltr'>accuratiora</span> <span class='ocrx_word' id='word_1_131' title='bbox 454 1365 565 1404; x_wconf 83' lang='lat' dir='ltr'>quae</span> <span class='ocrx_word' id='word_1_132' title='bbox 612 1358 807 1392; x_wconf 90' lang='lat' dir='ltr'>notarem</span> <span class='ocrx_word' id='word_1_133' title='bbox 856 1366 939 1393; x_wconf 90' lang='lat' dir='ltr'>non</span> <span class='ocrx_word' id='word_1_134' title='bbox 980 1353 1098 1393; x_wconf 84' lang='lat' dir='ltr'>nulla</span> <span class='ocrx_word' id='word_1_135' title='bbox 1144 1354 1299 1403; x_wconf 87' lang='lat' dir='ltr'>inveni,</span> <span class='ocrx_word' id='word_1_136' title='bbox 1341 1369 1462 1408; x_wconf 86' lang='lat' dir='ltr'>prae-</span> 
     </span>
     <span class='ocr_line' id='line_1_20' title="bbox 139 1419 1462 1473; baseline 0.005 -15"><span class='ocrx_word' id='word_1_137' title='bbox 139 1419 264 1472; x_wconf 90' lang='lat' dir='ltr'>cipue</span> <span class='ocrx_word' id='word_1_138' title='bbox 292 1420 333 1458; x_wconf 89' lang='lat' dir='ltr'>in</span> <span class='ocrx_word' id='word_1_139' title='bbox 357 1420 404 1470; x_wconf 80' lang='lat' dir='ltr'>B,</span> <span class='ocrx_word' id='word_1_140' title='bbox 428 1434 556 1472; x_wconf 88' lang='lat' dir='ltr'>quem</span> <span class='ocrx_word' id='word_1_141' title='bbox 587 1421 744 1461; x_wconf 89' lang='lat' dir='ltr'>librum</span> <span class='ocrx_word' id='word_1_142' title='bbox 774 1435 860 1461; x_wconf 92' lang='lat' dir='ltr'>non</span> <span class='ocrx_word' id='word_1_143' title='bbox 887 1422 1131 1463; x_wconf 89' lang='lat' dir='ltr'>contulerat</span> <span class='ocrx_word' id='word_1_144' title='bbox 1155 1422 1462 1473; x_wconf 87' lang='lat' dir='ltr'>Kirchhoffius,</span> 
     </span>
     <span class='ocr_line' id='line_1_21' title="bbox 140 1487 1262 1532; baseline 0.005 -6"><span class='ocrx_word' id='word_1_145' title='bbox 140 1487 330 1528; x_wconf 88' lang='lat' dir='ltr'>Prinzius</span> <span class='ocrx_word' id='word_1_146' title='bbox 358 1489 533 1530; x_wconf 85' lang='lat' dir='ltr'>minoris</span> <span class='ocrx_word' id='word_1_147' title='bbox 556 1490 668 1530; x_wconf 84' lang='lat' dir='ltr'>iusto</span> <span class='ocrx_word' id='word_1_148' title='bbox 691 1504 760 1530; x_wconf 89' lang='lat' dir='ltr'>me</span> <span class='ocrx_word' id='word_1_149' title='bbox 782 1491 924 1530; x_wconf 88' lang='lat' dir='ltr'>iudice</span> <span class='ocrx_word' id='word_1_150' title='bbox 947 1492 1262 1532; x_wconf 85' lang='lat' dir='ltr'>aestimaverat.</span> 
     </span>
     <span class='ocr_line' id='line_1_22' title="bbox 196 1556 1462 1614; baseline 0.005 -18"><span class='ocrx_word' id='word_1_151' title='bbox 196 1556 453 1598; x_wconf 86' lang='lat' dir='ltr'>Minutiores</span> <span class='ocrx_word' id='word_1_152' title='bbox 466 1559 700 1611; x_wconf 82' lang='lat' dir='ltr'>scripturae</span> <span class='ocrx_word' id='word_1_153' title='bbox 715 1559 1037 1612; x_wconf 73' lang='lat' dir='ltr'>discrepantias,</span> <span class='ocrx_word' id='word_1_154' title='bbox 1051 1567 1264 1612; x_wconf 85' lang='lat' dir='ltr'>accentus,</span> <span class='ocrx_word' id='word_1_155' title='bbox 1276 1561 1462 1614; x_wconf 79' lang='lat' dir='ltr'>spiritUS,</span> 
     </span>
     <span class='ocr_line' id='line_1_23' title="bbox 137 1625 1461 1680; baseline 0.004 -15"><span class='ocrx_word' id='word_1_156' title='bbox 137 1625 349 1674; x_wconf 83' lang='lat' dir='ltr'>elisiones,</span> <span class='ocrx_word' id='word_1_157' title='bbox 390 1642 430 1666; x_wconf 85' lang='lat' dir='ltr'>-v</span> <span class='ocrx_word' id='word_1_158' title='bbox 474 1627 817 1680; x_wconf 85' lang='lat' dir='ltr'>ephelcysticum</span> <span class='ocrx_word' id='word_1_159' title='bbox 867 1628 1067 1668; x_wconf 84' lang='lat' dir='ltr'>additum</span> <span class='ocrx_word' id='word_1_160' title='bbox 1110 1636 1185 1669; x_wconf 87' lang='lat' dir='ltr'>aut</span> <span class='ocrx_word' id='word_1_161' title='bbox 1226 1631 1461 1680; x_wconf 85' lang='lat' dir='ltr'>omissum;</span> 
     </span>
     <span class='ocr_line' id='line_1_24' title="bbox 136 1694 1459 1751; baseline 0.004 -18"><span class='ocrx_word' id='word_1_162' title='bbox 136 1694 209 1746; x_wconf 88' lang='lat' dir='ltr'>qui</span> <span class='ocrx_word' id='word_1_163' title='bbox 252 1695 419 1735; x_wconf 87' lang='lat' dir='ltr'>codices</span> <span class='ocrx_word' id='word_1_164' title='bbox 461 1695 579 1747; x_wconf 79' lang='grc' dir='ltr'>λόγω,</span> <span class='ocrx_word' id='word_1_165' title='bbox 621 1695 730 1750; x_wconf 79' lang='grc' dir='ltr'>λόγῳ</span> <span class='ocrx_word' id='word_1_166' title='bbox 765 1697 834 1736; x_wconf 87' lang='lat' dir='ltr'>vel</span> <span class='ocrx_word' id='word_1_167' title='bbox 876 1696 1000 1749; x_wconf 82' lang='grc' dir='ltr'>λόγωι</span> <span class='ocrx_word' id='word_1_168' title='bbox 1043 1697 1314 1750; x_wconf 84' lang='lat' dir='ltr'>praebuerint</span> <span class='ocrx_word' id='word_1_169' title='bbox 1328 1713 1338 1745; x_wconf 79' lang='lat'><em>3</em></span> <span class='ocrx_word' id='word_1_170' title='bbox 1387 1698 1459 1751; x_wconf 83' lang='lat' dir='ltr'>qui</span> 
     </span>
     <span class='ocr_line' id='line_1_25' title="bbox 135 1762 1461 1819; baseline 0.005 -18"><span class='ocrx_word' id='word_1_171' title='bbox 135 1762 273 1815; x_wconf 82' lang='grc' dir='ltr'>λόγοις</span> <span class='ocrx_word' id='word_1_172' title='bbox 294 1764 361 1804; x_wconf 84' lang='lat' dir='ltr'>vel</span> <span class='ocrx_word' id='word_1_173' title='bbox 385 1764 571 1817; x_wconf 71' lang='lat' dir='ltr'>&gt;x0&#39;y0L0&#39;c3</span> <span class='ocrx_word' id='word_1_174' title='bbox 610 1766 682 1817; x_wconf 87' lang='lat' dir='ltr'>qui</span> <span class='ocrx_word' id='word_1_175' title='bbox 706 1766 849 1815; x_wconf 84' lang='grc' dir='ltr'>-όμεθα</span> <span class='ocrx_word' id='word_1_176' title='bbox 871 1766 939 1805; x_wconf 82' lang='lat' dir='ltr'>vel</span> <span class='ocrx_word' id='word_1_177' title='bbox 970 1766 1169 1815; x_wconf 81' lang='grc' dir='ltr'>-όμεσθα;</span> <span class='ocrx_word' id='word_1_178' title='bbox 1208 1767 1280 1819; x_wconf 87' lang='lat' dir='ltr'>qui</span> <span class='ocrx_word' id='word_1_179' title='bbox 1308 1767 1461 1807; x_wconf 64' lang='lat' dir='ltr'>wiri-ew</span> 
     </span>
     <span class='ocr_line' id='line_1_26' title="bbox 134 1830 1458 1876; baseline 0.004 -6"><span class='ocrx_word' id='word_1_180' title='bbox 134 1830 203 1871; x_wconf 88' lang='lat' dir='ltr'>vel</span> <span class='ocrx_word' id='word_1_181' title='bbox 235 1835 414 1874; x_wconf 75' lang='grc' dir='ltr'>πιτυεῖνε</span> <span class='ocrx_word' id='word_1_182' title='bbox 458 1841 551 1873; x_wconf 92' lang='lat' dir='ltr'>tum</span> <span class='ocrx_word' id='word_1_183' title='bbox 584 1834 729 1874; x_wconf 86' lang='lat' dir='ltr'>notavi</span> <span class='ocrx_word' id='word_1_184' title='bbox 764 1848 860 1874; x_wconf 92' lang='lat' dir='ltr'>cum</span> <span class='ocrx_word' id='word_1_185' title='bbox 895 1841 967 1875; x_wconf 83' lang='lat' dir='ltr'>aut</span> <span class='ocrx_word' id='word_1_186' title='bbox 1002 1841 1144 1876; x_wconf 88' lang='lat' dir='ltr'>rectae</span> <span class='ocrx_word' id='word_1_187' title='bbox 1177 1835 1337 1875; x_wconf 88' lang='lat' dir='ltr'>formae</span> <span class='ocrx_word' id='word_1_188' title='bbox 1368 1849 1458 1876; x_wconf 88' lang='lat' dir='ltr'>ver-</span> 
     </span>
     <span class='ocr_line' id='line_1_27' title="bbox 134 1900 1458 1950; baseline 0.003 -10"><span class='ocrx_word' id='word_1_189' title='bbox 134 1900 286 1941; x_wconf 88' lang='lat' dir='ltr'>borum</span> <span class='ocrx_word' id='word_1_190' title='bbox 314 1901 497 1942; x_wconf 83' lang='lat' dir='ltr'>incertae</span> <span class='ocrx_word' id='word_1_191' title='bbox 529 1903 788 1950; x_wconf 83' lang='lat' dir='ltr'>viderentur,</span> <span class='ocrx_word' id='word_1_192' title='bbox 817 1910 891 1943; x_wconf 86' lang='lat' dir='ltr'>aut</span> <span class='ocrx_word' id='word_1_193' title='bbox 923 1903 1048 1944; x_wconf 89' lang='lat' dir='ltr'>lectio</span> <span class='ocrx_word' id='word_1_194' title='bbox 1079 1905 1211 1944; x_wconf 89' lang='lat' dir='ltr'>totius</span> <span class='ocrx_word' id='word_1_195' title='bbox 1237 1904 1317 1944; x_wconf 89' lang='lat' dir='ltr'>loci</span> <span class='ocrx_word' id='word_1_196' title='bbox 1347 1904 1458 1945; x_wconf 86' lang='lat' dir='ltr'>diffi-</span> 
     </span>
     <span class='ocr_line' id='line_1_28' title="bbox 134 1968 1458 2024; baseline 0.003 -16"><span class='ocrx_word' id='word_1_197' title='bbox 134 1968 227 2008; x_wconf 90' lang='lat' dir='ltr'>cilis</span> <span class='ocrx_word' id='word_1_198' title='bbox 256 1977 329 2010; x_wconf 87' lang='lat' dir='ltr'>aut</span> <span class='ocrx_word' id='word_1_199' title='bbox 359 1978 544 2010; x_wconf 88' lang='lat' dir='ltr'>metrum</span> <span class='ocrx_word' id='word_1_200' title='bbox 575 1971 783 2021; x_wconf 83' lang='lat' dir='ltr'>dubium3</span> <span class='ocrx_word' id='word_1_201' title='bbox 820 1971 927 2011; x_wconf 85' lang='lat' dir='ltr'>alias</span> <span class='ocrx_word' id='word_1_202' title='bbox 956 1972 1142 2024; x_wconf 84' lang='lat' dir='ltr'>neglexi.</span> <span class='ocrx_word' id='word_1_203' title='bbox 1202 1972 1458 2013; x_wconf 85' lang='lat' dir='ltr'>Manifestos</span> 
     </span>
     <span class='ocr_line' id='line_1_29' title="bbox 134 2036 1456 2092; baseline 0.004 -16"><span class='ocrx_word' id='word_1_204' title='bbox 134 2036 368 2078; x_wconf 88' lang='lat' dir='ltr'>scribarum</span> <span class='ocrx_word' id='word_1_205' title='bbox 392 2051 554 2078; x_wconf 87' lang='lat' dir='ltr'>errores</span> <span class='ocrx_word' id='word_1_206' title='bbox 576 2039 726 2079; x_wconf 89' lang='lat' dir='ltr'>eadem</span> <span class='ocrx_word' id='word_1_207' title='bbox 757 2039 853 2092; x_wconf 90' lang='lat' dir='ltr'>lege</span> <span class='ocrx_word' id='word_1_208' title='bbox 882 2047 976 2080; x_wconf 90' lang='lat' dir='ltr'>tum</span> <span class='ocrx_word' id='word_1_209' title='bbox 1003 2040 1148 2080; x_wconf 86' lang='lat' dir='ltr'>notavi</span> <span class='ocrx_word' id='word_1_210' title='bbox 1177 2054 1275 2081; x_wconf 89' lang='lat' dir='ltr'>cum</span> <span class='ocrx_word' id='word_1_211' title='bbox 1304 2048 1378 2081; x_wconf 87' lang='lat' dir='ltr'>aut</span> <span class='ocrx_word' id='word_1_212' title='bbox 1400 2054 1456 2081; x_wconf 78' lang='lat' dir='ltr'>ex</span> 
     </span>
     <span class='ocr_line' id='line_1_30' title="bbox 133 2104 1455 2162; baseline 0.005 -18"><span class='ocrx_word' id='word_1_213' title='bbox 133 2104 184 2145; x_wconf 90' lang='lat' dir='ltr'>iis</span> <span class='ocrx_word' id='word_1_214' title='bbox 220 2105 385 2158; x_wconf 84' lang='lat' dir='ltr'>aliquid</span> <span class='ocrx_word' id='word_1_215' title='bbox 420 2107 510 2146; x_wconf 88' lang='lat' dir='ltr'>sive</span> <span class='ocrx_word' id='word_1_216' title='bbox 546 2114 663 2148; x_wconf 88' lang='lat' dir='ltr'>recto</span> <span class='ocrx_word' id='word_1_217' title='bbox 699 2108 788 2147; x_wconf 89' lang='lat' dir='ltr'>sive</span> <span class='ocrx_word' id='word_1_218' title='bbox 824 2123 958 2162; x_wconf 86' lang='lat' dir='ltr'>pravo</span> <span class='ocrx_word' id='word_1_219' title='bbox 995 2109 1154 2149; x_wconf 88' lang='lat' dir='ltr'>iudicio</span> <span class='ocrx_word' id='word_1_220' title='bbox 1190 2109 1245 2149; x_wconf 88' lang='lat' dir='ltr'>ad</span> <span class='ocrx_word' id='word_1_221' title='bbox 1283 2116 1455 2150; x_wconf 84' lang='lat' dir='ltr'>textum</span> 
     </span>
     <span class='ocr_line' id='line_1_31' title="bbox 133 2174 1454 2229; baseline 0.005 -17"><span class='ocrx_word' id='word_1_222' title='bbox 133 2174 433 2226; x_wconf 85' lang='lat' dir='ltr'>castigandum</span> <span class='ocrx_word' id='word_1_223' title='bbox 453 2175 597 2227; x_wconf 86' lang='lat' dir='ltr'>colligi</span> <span class='ocrx_word' id='word_1_224' title='bbox 614 2190 741 2229; x_wconf 90' lang='lat' dir='ltr'>posse</span> <span class='ocrx_word' id='word_1_225' title='bbox 758 2183 971 2229; x_wconf 84' lang='lat' dir='ltr'>putarem,</span> <span class='ocrx_word' id='word_1_226' title='bbox 990 2184 1062 2217; x_wconf 87' lang='lat' dir='ltr'>aut</span> <span class='ocrx_word' id='word_1_227' title='bbox 1080 2177 1121 2217; x_wconf 92' lang='lat' dir='ltr'>in</span> <span class='ocrx_word' id='word_1_228' title='bbox 1145 2192 1285 2218; x_wconf 85' lang='lat' dir='ltr'>errore</span> <span class='ocrx_word' id='word_1_229' title='bbox 1302 2179 1454 2218; x_wconf 86' lang='lat' dir='ltr'>eodem</span> 
     </span>
     <span class='ocr_line' id='line_1_32' title="bbox 132 2241 1455 2296; baseline 0.005 -16"><span class='ocrx_word' id='word_1_230' title='bbox 132 2241 219 2281; x_wconf 92' lang='lat' dir='ltr'>duo</span> <span class='ocrx_word' id='word_1_231' title='bbox 241 2243 409 2283; x_wconf 91' lang='lat' dir='ltr'>codices</span> <span class='ocrx_word' id='word_1_232' title='bbox 431 2244 754 2296; x_wconf 83' lang='lat' dir='ltr'>conspirarent3</span> <span class='ocrx_word' id='word_1_233' title='bbox 786 2246 891 2286; x_wconf 85' lang='lat' dir='ltr'>alias</span> <span class='ocrx_word' id='word_1_234' title='bbox 914 2246 1018 2285; x_wconf 85' lang='lat' dir='ltr'>vitia</span> <span class='ocrx_word' id='word_1_235' title='bbox 1048 2246 1273 2286; x_wconf 84' lang='lat' dir='ltr'>manifesta</span> <span class='ocrx_word' id='word_1_236' title='bbox 1302 2247 1343 2286; x_wconf 92' lang='lat' dir='ltr'>in</span> <span class='ocrx_word' id='word_1_237' title='bbox 1371 2260 1455 2286; x_wconf 90' lang='lat' dir='ltr'>uno</span> 
     </span>
     <span class='ocr_line' id='line_1_33' title="bbox 131 2312 1455 2368; baseline 0.005 -19"><span class='ocrx_word' id='word_1_238' title='bbox 131 2315 299 2350; x_wconf 84' lang='lat' dir='ltr'>tantum</span> <span class='ocrx_word' id='word_1_239' title='bbox 321 2312 469 2352; x_wconf 86' lang='lat' dir='ltr'>codice</span> <span class='ocrx_word' id='word_1_240' title='bbox 495 2312 666 2354; x_wconf 85' lang='lat' dir='ltr'>inventa</span> <span class='ocrx_word' id='word_1_241' title='bbox 688 2313 869 2366; x_wconf 79' lang='lat' dir='ltr'>neglexi.</span> <span class='ocrx_word' id='word_1_242' title='bbox 934 2314 1203 2355; x_wconf 89' lang='lat' dir='ltr'>Monendum</span> <span class='ocrx_word' id='word_1_243' title='bbox 1234 2316 1363 2368; x_wconf 85' lang='lat' dir='ltr'>igitur</span> <span class='ocrx_word' id='word_1_244' title='bbox 1392 2322 1455 2355; x_wconf 74' lang='lat' dir='ltr'>est</span> 
     </span>
     <span class='ocr_line' id='line_1_34' title="bbox 130 2377 1452 2435; baseline 0.005 -18"><span class='ocrx_word' id='word_1_245' title='bbox 130 2377 172 2417; x_wconf 96' lang='lat' dir='ltr'>V</span> <span class='ocrx_word' id='word_1_246' title='bbox 205 2378 417 2420; x_wconf 89' lang='lat' dir='ltr'>eiusmodi</span> <span class='ocrx_word' id='word_1_247' title='bbox 456 2395 618 2421; x_wconf 88' lang='lat' dir='ltr'>errores</span> <span class='ocrx_word' id='word_1_248' title='bbox 656 2382 859 2435; x_wconf 82' lang='lat' dir='ltr'>praebere</span> <span class='ocrx_word' id='word_1_249' title='bbox 897 2384 1154 2433; x_wconf 86' lang='lat' dir='ltr'>innumeros,</span> <span class='ocrx_word' id='word_1_250' title='bbox 1194 2384 1350 2424; x_wconf 78' lang='lat' dir='ltr'>multos</span> <span class='ocrx_word' id='word_1_251' title='bbox 1383 2384 1452 2430; x_wconf 73' lang='lat' dir='ltr'>A3</span> 
     </span>
     <span class='ocr_line' id='line_1_35' title="bbox 776 2465 822 2491; baseline 0.022 -1"><span class='ocrx_word' id='word_1_252' title='bbox 776 2465 822 2491; x_wconf 85' lang='lat' dir='ltr'>1x</span> 
     </span>
    </p>
   </div>
  </div>
 </body>
</html>
