1683 2732
620 106 1017 144 ANAPOMAXH

265 209 458 248 πίτνουσα
484 207 824 261 γονάτων-χειρὶ
851 208 882 248 δ’
909 209 975 248 οὐκ
1001 208 1135 259 ἔξεστί
1156 226 1222 260 μοι

266 277 334 325 τῆς
360 276 433 324 σῆς
456 274 658 325 λαβέσθαι
685 274 879 326 φιλτάτης
906 275 1167 326 γενειάδος-

265 342 385 393 ῥῦσαί
405 358 454 391 με
479 340 575 393 πρὸς
600 344 713 381 θεῶν·
752 342 785 381 εἰ
811 343 852 381 δὲ
876 340 942 392 μή,
971 342 1194 392 θανούμεθα

267 408 443 460 αἰσχρῶς
468 409 541 458 μὲν
565 408 668 458 ὑμῖν,
696 410 900 460 δυστυχῶς
927 407 958 448 δ’
985 409 1083 459 ἐμοί,
1112 406 1240 461 γέρον.

237 504 244 513 .
266 476 396 527 χαλᾶν
421 474 566 514 κελεύω
592 475 720 525 δεσμὰ
745 474 836 526 πρὶν
862 475 1014 514 κλαίειν
1038 474 1137 520 τινά,

268 540 329 579 καὶ
353 542 475 590 τῆσδε
499 543 634 592 χεῖρας
659 541 869 594 διπτύχους
894 540 1057 581 ἀνιέναι.

238 637 245 645 .
267 607 344 658 ἐγὼ
370 606 401 646 δ’
427 608 585 647 ἀπαυδῶ
612 607 648 659 γ’
673 607 796 648 ἄλλος
823 607 895 661 οὐχ
920 608 1060 657 ἥσσων
1086 607 1205 647 σέθεν

268 673 329 712 καὶ
354 675 474 723 τῆσδε
498 677 636 728 πολλῷ
665 674 892 726 κυριώτερος
916 675 1056 726 γεγώς.

239 769 246 779 .
267 743 367 786 πῶς;
406 738 429 789 ἧ
453 739 521 779 τὸν
546 740 645 790 ἀμὸν
671 739 779 780 οἶκον
803 739 976 790 οἰκήσεις
999 741 1135 791 μολὼν

268 805 387 857 δεῦρ’;
426 807 500 859 οὐχ
525 805 613 847 ἅλις
639 823 704 846 σοι
729 810 806 847 τῶν
833 809 928 847 κατὰ
954 807 1138 859 Σπάρτην
1166 810 1338 859 κρατεῖν;

239 902 247 911 .
269 872 377 912 εῗλόν
401 889 462 912 νιν
487 872 741 926 αἰχμάλωτον
768 874 809 913 ἐκ
833 875 978 925 Τροίας
1003 875 1094 926 ἐγώ.

239 968 246 977 .
268 938 385 989 οὑμὸς
410 938 453 979 δέ
476 938 512 991 γ’
538 939 658 989 αὐτὴν
683 939 809 990 ἔλαβε
833 943 924 981 παῖς
949 940 1086 982 παιδὸς
1111 940 1241 993 γέρας.

238 1035 245 1044 .
268 1004 407 1045 οὔκουν
433 1006 582 1046 ἐκείνου
605 1006 710 1056 τάμὰ
734 1006 914 1047 τάκείνου
938 1006 972 1046 τ’
998 1006 1090 1058 ε’μά;

239 1101 246 1111 .
267 1067 376 1124 [ναί,]

270 1140 365 1190 δρᾶν
390 1138 443 1185 εὖ,
473 1142 596 1181 κακῶς
621 1138 654 1178 δ’
680 1140 736 1185 οὔ,
763 1139 851 1190 μηδ’
879 1140 1125 1181 ἀποκτείνειν
1149 1141 1234 1194 βίᾳ.

239 1235 247 1244 .
268 1204 319 1246 ὡς
342 1204 448 1255 τήνδ’
473 1205 636 1256 ἀπάξεις
661 1205 795 1246 οὔποτ’
820 1205 868 1256 ἐξ
889 1207 983 1257 ἐμῆς
1008 1207 1137 1260 χερός.

241 1302 248 1310 .
270 1270 455 1327 σκήπτρῳ
481 1275 522 1313 δὲ
546 1275 644 1327 τῷδε
670 1272 745 1313 σὸν
771 1271 994 1324 καθαιμάξω
1021 1272 1136 1325 κάρα;

240 1368 248 1377 .
269 1339 431 1390 ψαῦσόν
455 1338 506 1391 γ’,
533 1339 582 1379 ἵν’
610 1340 726 1396 εἰδῇς,
755 1340 816 1379 καὶ
842 1338 967 1381 πέλας
992 1338 1193 1392 πρόσελθέ
1216 1355 1303 1390 μου.

241 1436 248 1444 .
272 1405 322 1445 σὺ
346 1406 421 1456 γὰρ
445 1405 528 1456 μετ’
555 1407 718 1458 ἀνδρῶν,
746 1404 775 1446 ὦ
802 1405 962 1446 κάκιστε
989 1407 1060 1446 κάκ
1086 1410 1231 1453 κακῶν;

271 1471 336 1511 σοὶ
361 1475 436 1512 ποῦ
459 1471 643 1522 μέτεστιν
669 1472 719 1514 ὡς
744 1474 786 1512 ἐν
811 1472 1002 1524 ἀνδράσιν
1026 1474 1167 1525 λόγου,-

271 1538 382 1580 ὅστις
407 1538 504 1590 πρὸς
529 1538 668 1590 ἀνδρὸς
694 1538 848 1591 Φρυγὸς
874 1538 1111 1591 ἀπηλλάγης
1135 1538 1269 1593 λέχος,

272 1603 437 1660 ἄκλῃστ’
463 1603 611 1645 ἄδουλὰ
633 1605 779 1657 δώμαθ’
805 1607 940 1646 ἑστίας
963 1606 1104 1651 λιπών,

273 1670 324 1711 ὡς
349 1669 394 1720 δὴ
421 1674 584 1723 γυναῖκα
609 1671 786 1724 σώφρον’
812 1673 856 1711 ἐν
880 1672 1013 1722 δόμοις
1038 1671 1142 1725 ἔχων

273 1741 413 1777 πασῶν
439 1739 639 1788 κακίστην.
710 1737 789 1778 οὐδ’
815 1737 863 1778 ἂν
889 1739 921 1778 εἰ
945 1739 1137 1789 βούλοιτό
1161 1754 1217 1779 τις

275 1803 450 1855 σώφρων
474 1803 629 1856 γένοιτο
656 1805 949 1856 Σπαρτιατίδων
975 1805 1081 1856 κόρη,

274 1870 313 1909 αἳ
338 1868 413 1920 ξὺν
437 1869 586 1911 νέοισιν
613 1869 870 1922 ἐξερημοῦσαι
894 1871 1035 1921 δόμους

274 1940 458 1988 γυμνοῖσι
481 1941 617 1988 μηροῖς
644 1939 705 1977 καὶ
730 1936 897 1978 πέπλοις
921 1936 1138 1988 ἀνειμένοις

275 2002 439 2054 δρόμους
464 2005 714 2055 παλαίστρας
737 2003 771 2043 τ’
796 2003 864 2044 οὐκ
889 2003 1134 2057 ἀνασχετοὺς
1160 2003 1244 2054 ἐμοὶ

278 2071 408 2111 κοινὰς
432 2070 583 2123 ἔχουσι.
656 2069 750 2125 κᾷτα
774 2069 981 2120 θαυμάζειν
1006 2070 1132 2123 χρεὼν

1425 353 1487 386 575

1430 678 1489 716 580

1429 1011 1491 1050 585

1432 1419 1494 1450 590

1433 1749 1495 1782 595

1435 2071 1500 2103 600

221 2171 284 2201 577
310 2161 420 2194 κλάειν
439 2161 503 2192 LP
601 2172 665 2202 579
688 2163 799 2200 ἥσσων
817 2166 853 2192 ut
866 2162 932 2192 vid.
953 2162 978 2191 L
995 2173 1002 2192 ε
1026 2162 1133 2199 ἥττων
1152 2161 1220 2191 rell.
1236 2160 1249 2190 l
1334 2161 1393 2198 581
1421 2160 1501 2200 ἁμὸν

179 2205 259 2245 (εἰς)
279 2205 324 2236 L:
352 2207 428 2244 ἐμὸν
445 2204 516 2237 rell.
539 2205 595 2246 (σὺ
610 2207 668 2238 τὸν
686 2207 760 2245 ἐμὸν
779 2206 939 2244 Lenting*

179 2251 254 2291 δρᾶν
277 2247 354 2291 (γ’)
379 2248 413 2280 εὖ
437 2248 584 2288 Lenting

1046 2205 1110 2244 586
1134 2205 1185 2237 ναί
1201 2204 1327 2234 delevit
1345 2204 1501 2234 Lascaris

715 2250 779 2288 589
809 2250 841 2290 ’γ’
866 2249 916 2280 Α;
949 2249 976 2281 δ’
1003 2249 1052 2279 L:
1084 2258 1148 2279 om.
1176 2248 1227 2279 V:
1260 2248 1285 2279 θ’
1311 2247 1382 2278 rell.
1408 2246 1501 2277 V²A²

177 2292 253 2331 μου]
271 2305 323 2331 μοι
342 2291 367 2321 L
489 2301 553 2330 590
576 2293 636 2324 κάκ
652 2302 716 2322 om.
737 2293 767 2322 V
889 2302 951 2330 592
975 2291 1094 2331 λέχους
1114 2291 1178 2321 LP
1295 2299 1358 2329 593
1383 2291 1501 2322 ἅδουλα

180 2335 278 2366 codd.
296 2339 329 2365 et
346 2339 388 2367 Σι
414 2336 555 2376 ἅφρουρα
573 2335 717 2373 Lenting

849 2345 912 2374 599
937 2335 1120 2374 ἀνασχετὰς
1138 2335 1189 2364 V:
1215 2337 1289 2366 -τῶς
1309 2333 1422 2363 Naber
