1683 2732
507 350 1098 406 HPAKAEIAAI

141 523 332 553 ῙΟΛΑΟΣ

241 583 378 624 Πάλαι
403 581 489 624 ποτ’
515 582 602 622 ἐστὶ
627 580 730 621 τοῦτ’
756 581 843 632 ἐμοὶ
868 581 1119 634 δεδογμένον·

241 648 261 689 ὃ
284 651 357 700 μὲν
382 651 530 691 δίκαιος
555 651 637 690 τοῖς
663 647 787 690 πέλας
812 647 956 701 πέφυκ’
982 647 1092 700 ἀνήρ,

241 715 261 756 ὃ
287 715 319 756 δ’
347 717 386 758 ἐς
410 715 455 756 τὸ
482 715 616 767 κέρδος
640 714 732 766 λῆμ’
759 714 864 767 έχων
889 714 1096 766 ἀνειμένον

242 783 358 823 πόλει
382 782 415 822 τ’
441 782 640 836 ἄχρηστος
667 781 728 822 καὶ
755 781 1059 822 συναλλάσσειν
1083 783 1221 834 βαρύς,

242 850 343 904 αὐτῷ
370 849 401 889 δ’
428 849 598 901 ἄριστος·
636 849 722 889 οἶδα
746 847 778 888 δ’
805 848 849 888 οὐ
873 849 982 903 λόγῳ
1007 849 1155 899 μαθών.
1453 862 1472 895 5

309 917 386 968 ἐγὼ
412 917 487 968 γὰρ
512 917 617 956 αἰδοῖ
641 916 702 955 καὶ
727 915 770 955 τὸ
797 917 989 967 συγγενὲς
1015 915 1164 966 σέβων,

244 980 333 1032 ἐξὸν
359 982 441 1022 κατ’
461 981 608 1034 ’Ἄργος
633 981 795 1034 ἡσύχως
819 983 954 1028 ναίειν,
983 983 1115 1023 πόνων

244 1050 446 1090 πλείστων
469 1047 670 1101 μετέσχον
695 1049 750 1089 εἷς
775 1048 871 1100 ἀνὴρ
895 1048 1120 1100 “Ηρακλέει,

244 1115 301 1155 ὅτ’
326 1115 374 1166 ἦν
397 1114 483 1166 μεθ’
506 1115 628 1166 ἡμῶν·
667 1117 734 1155 νῦν
760 1113 804 1160 δ’,
834 1115 916 1155 ἐπεὶ
944 1114 1026 1155 κατ’
1048 1115 1217 1167 οὐρανὸν

242 1182 355 1228 ναίει,
383 1183 431 1221 τὰ
458 1183 584 1222 κείνου
609 1180 711 1222 τέκν’
737 1181 842 1235 ἔχων
866 1181 941 1222 ὑπὸ
967 1185 1124 1234 πτεροῖς
1435 1198 1474 1220 ιο

245 1246 352 1303 σῴζω
379 1247 460 1288 τάδ’
486 1247 601 1290 αὐτὸς
629 1249 810 1299 δεόμενος
837 1249 1044 1301 σωτηρίας.

245 1315 329 1355 ἐπεὶ
354 1317 429 1367 γὰρ
454 1314 580 1355 αὐτῶν
608 1316 679 1367 γῆς
705 1314 945 1368 ἀπηλλάχθη
974 1314 1112 1368 πατήρ,

245 1385 399 1434 πρῶτον
423 1383 495 1432 μὲν
520 1381 619 1432 ἡμᾶς
645 1380 754 1432 ἤθελ’
781 1381 1006 1433 Εὐρυσθεὺς
1034 1386 1199 1424 κτανεῖν·

244 1448 337 1489 ἀλλ’
363 1447 586 1500 ἐξέδραμεν·
626 1448 688 1488 καὶ
715 1449 830 1489 πόλις
853 1451 926 1500 μὲν
952 1450 1117 1502 οἴχεται,

244 1515 357 1569 ψυχὴ
384 1515 416 1555 δ’
443 1516 588 1565 ἐσώθη.
660 1514 862 1567 φεύγομεν
886 1514 918 1555 δ’
945 1516 1141 1567 ἀλώμενοι
1440 1530 1476 1556 1¹3

244 1581 374 1633 ἄλλην
399 1581 466 1622 ἀπ’
492 1582 618 1633 ἄλλης
644 1579 884 1634 ἐξορίζοντες
909 1583 1039 1623 πόλιν.

247 1648 344 1701 πρὸς
368 1653 449 1690 τοῖς
473 1651 548 1702 ’γὰρ
573 1648 713 1690 ἄλλοις
740 1649 801 1689 καὶ
826 1649 905 1689 τόδ’
933 1648 1158 1701 Εὐρυσθεὺς
1185 1653 1315 1692 κακοῖς

245 1715 410 1767 ὕβρισμ’
437 1717 476 1757 ἐς
500 1715 600 1766 ἡμᾶς
624 1715 796 1766 ἠξίωσεν
820 1717 999 1768 ὑβρίσαι·

248 1782 412 1833 πέμπων
437 1782 534 1823 ὅπου
559 1784 630 1834 ’γῆς
655 1781 881 1823 πυνθάνοιθ’
908 1782 1132 1835 ἱδρυμένους

249 1848 412 1901 κήρυκας
438 1847 585 1899 ἐξαιτεῖ
606 1865 648 1889 τε
674 1848 869 1902 κᾶξείργει
894 1851 1051 1903 χθονός,
1438 1863 1477 1884 20

247 1916 367 1956 πόλιν
392 1917 608 1968 προτείνων
628 1914 776 1968 ’Άργος
801 1915 845 1956 οὐ
872 1916 1038 1969 σμικρὸν
1065 1917 1189 1969 φίλην

249 1982 396 2036 ἐχθράν
421 1999 463 2023 τε
488 1982 640 2029 θέσθαι,
668 1982 814 2036 χαὺτὸν
841 1982 1064 2036 εὐτυχοῦνθ’
1091 1982 1182 2034 ἅμα.

194 2087 207 2107 1
247 2075 329 2106 Iolai
359 2080 472 2106 notam
501 2086 566 2107 om.
598 2076 633 2113 L,
665 2076 739 2107 add.
772 2075 811 2106 L²
837 2081 894 2107 aut
923 2076 936 2105 l
1044 2075 1142 2107 τοῦτό
1169 2088 1221 2114 μοι
1251 2074 1345 2105 Stob.
1380 2084 1426 2105 10.
1460 2085 1473 2105 1

149 2131 168 2158 4
207 2120 313 2160 φίλοις
344 2120 372 2150 τ’
405 2143 411 2149 .
445 2143 451 2149 .
484 2143 491 2150 .
525 2119 723 2160 συναλλάξαι
756 2119 849 2150 Stob.
1042 2128 1061 2157 5
1102 2121 1185 2159 αὐτῷ
1219 2117 1307 2148 LP:
1346 2128 1431 2148 corr.
1466 2123 1478 2148 l

149 2165 169 2193 8
193 2161 361 2205 Ἡρακλέει
385 2162 539 2193 Porsen:
564 2164 718 2204 Ἡρακλεῖ
734 2163 807 2202 LP‚
827 2168 896 2193 tum
919 2164 961 2194 ὢν
987 2163 1127 2199 addunt,
1146 2162 1178 2191 in
1206 2171 1311 2200 marg.
1332 2161 1380 2200 L‘¹⁷
1400 2168 1476 2201 post

150 2208 228 2248 ἀνὴρ
247 2206 286 2236 P²
436 2215 473 2236 10
496 2206 644 2238 τάκείνου
662 2206 687 2236 L
705 2218 710 2236 :
735 2206 882 2238 κάκείνου
901 2205 926 2235 Ρ
1076 2216 1113 2243 14
1140 2204 1308 2246 ἐξέδραμεν
1327 2204 1474 2235 Reiske:

151 2249 399 2291 ἐξέδραμονᾙΡ
546 2259 584 2279 21
614 2249 788 2291 προτείνων
812 2249 955 2280 Cantor:
989 2251 1150 2289 προτιμῶν
1175 2248 1240 2278 LP
1345 2249 1477 2289 σμικρὸν

149 2293 379 2324 Wilamowitz
397 2291 436 2323 cl.
457 2292 564 2323 Andr.
583 2294 644 2324 86:
671 2294 806 2333 σμικρὰν
826 2293 850 2323 L
867 2293 892 2322 P
1058 2302 1111 2330 21,
1131 2303 1171 2322 22
1188 2293 1288 2332 φίλην
1307 2291 1423 2332 ἐχθράν
1440 2304 1474 2322 τε

151 2342 228 2376 post
247 2336 473 2375 musgravium
490 2336 559 2375 (qui
578 2339 700 2376 φιλεῖν)
719 2336 884 2366 Dindorf:
909 2336 1012 2376 φίλων
1031 2336 1147 2377 ἔχθραν
1164 2348 1201 2377 γε
1222 2335 1247 2365 L
1262 2336 1286 2364 1>
