1651 2780
607 120 953 158 ΕΥΡΙΠΙΔΟΥ

218 224 280 264 καὶ
305 224 448 264 πεδίων
473 222 656 266 δαπέδοις
680 224 772 276 ὅρον
796 223 898 275 ἀμφὶ
923 225 996 274 μὲν

283 291 417 330 ἀελίου
443 291 635 343 κνεφαίαν

217 357 460 397 ἱππόστασιν
486 356 622 408 αἰθέρα
646 358 719 396 τὰν
744 359 979 397 Μολοσσῶν
1016 385 1025 397 .
1065 386 1073 396 .
1110 356 1272 404 τίθεται,

217 423 381 463 πόντιον
405 423 438 463 δ’
465 422 651 475 Αἰγαίων’
679 421 739 463 ἐπ’
766 423 887 463 ἀκτὰν
1380 434 1442 466 595

285 490 474 541 ἀλίμενον
500 490 656 539 Πηλίου
681 488 872 540 κρατύνει.

219 584 280 624 καὶ
304 586 373 624 νῦν
398 584 517 634 δόμον
543 581 777 634 ἀμπετάσας
1342 578 1443 634 [ἀντ.

218 649 358 700 δέξατο
382 649 512 701 ξεῖνον
537 652 682 703 νοτερῷ
709 647 919 703 βλεφάρῳ,

218 719 286 759 τᾶς
312 718 435 769 φίλας
460 717 608 756 κλαίων
633 716 784 768 ἀλόχου
809 714 923 756 νέκυν
947 716 990 755 ἐν

218 783 394 834 δώμασιν
419 784 619 835 ἀρτιθανῆ·
656 782 701 822 τὸ
726 783 800 834 γὰρ
826 781 982 834 εὐγενὲς
1379 785 1445 816 600

286 849 493 902 ἐκφέρεται
518 849 614 902 πρὸς
639 850 746 890 αἰδῶ.

219 918 261 957 ἐν
286 920 366 958 τοῖς
392 917 579 969 ἀγαθοῖσι
603 918 643 957 δὲ
669 915 784 956 πάντ’
809 916 965 956 ἔνεστιν
992 916 1152 968 σοφίας.
1225 914 1386 967 ἄγαμαι·

219 982 314 1035 πρὸς
340 983 372 1023 δ’
398 985 472 1039 ἐμᾷ
495 987 610 1038 ψυχᾷ
635 982 781 1034 θάρσος
805 982 925 1033 ἧσται

286 1052 462 1101 θεοσεβῆ
488 1053 603 1102 φῶτα
628 1051 744 1090 κεδνὰ
770 1048 945 1101 πράξειν.
1383 1050 1446 1090 ⁶05

120 1147 189 1184 Αδ.
217 1144 368 1196 ἀνδρῶν
395 1144 575 1196 Φεραίων
602 1143 767 1194 εὐμενὴς
791 1144 1002 1196 παρουσία,

218 1210 334 1251 νέκυν
357 1213 430 1262 μὲν
454 1210 526 1261 ἤδη
552 1210 667 1251 πάντ’
693 1210 839 1263 ἔχοντα
862 1210 1090 1262 πρόσπολοι

219 1276 411 1329 φέρουσιν
436 1276 558 1329 ἄρδην
583 1277 680 1328 πρὸς
704 1276 833 1329 τάφον
856 1293 899 1317 τε
925 1276 987 1316 καὶ
1011 1274 1150 1327 πυράν·

219 1344 327 1394 ὑμεῖς
352 1345 394 1384 δὲ
416 1343 488 1394 τὴν
513 1346 725 1390 θανοῦσαν,
755 1343 805 1384 ὡς
831 1343 1041 1394 νομίζεται,

220 1409 453 1461 προσείπατ’
480 1408 666 1460 ἐξιοῦσαν
691 1409 864 1459 ὑστάτην
890 1410 994 1449 ὁδόν.
1380 1410 1446 1443 6ῐο

121 1479 192 1517 Xo.
221 1477 282 1517 καὶ
307 1476 385 1527 μὴν
410 1477 486 1528 ὁρῶ
514 1476 586 1516 σὸν
612 1475 761 1528 πατέρα
785 1478 932 1529 γηραιῷ
959 1475 1072 1515 ποδὶ,

219 1542 428 1596 στείχοντ’,
455 1543 624 1584 ὀπαδούς
648 1542 682 1582 τ’
707 1544 749 1583 ἐν
773 1546 910 1595 χεροῖν
935 1540 1100 1592 δάμαρτι
1126 1546 1178 1598 σῇ

221 1610 369 1661 κόσμον
395 1609 603 1662 φέροντας,
632 1608 823 1660 νερτέρων
849 1607 1072 1660 ἀγάλματα.

119 1693 286 1723 ΦΕΡΗΣ

220 1754 300 1803 ἥκω
327 1757 483 1794 κακοῖσι
509 1757 620 1793 σοῖσι
645 1753 894 1805 συγκάμνων,
922 1752 1073 1793 τέκνον·

219 1822 368 1870 ἐσθλῆς
394 1819 480 1873 γάρ,
510 1820 636 1861 οὐδεὶς
661 1821 826 1871 ἀντερεῖ,
855 1819 917 1859 καὶ
944 1820 1153 1871 σώφρονος
1386 1823 1444 1862 ⁶15

218 1886 400 1938 γυναικὸς
424 1886 660 1939 ἡμάρτηκας.
733 1887 838 1926 ἀλλὰ
862 1889 983 1926 ταῦτα
1006 1888 1077 1937 μὲν

219 1953 356 2005 φέρειν
381 1952 530 2005 ἀνάγκη
558 1954 695 2004 καίπερ
721 1954 816 1993 ὄντα
840 1952 1036 2005 δύσφορα.

220 2019 336 2072 δέχου
361 2021 403 2060 δὲ
428 2020 579 2071 κόσμον
605 2020 730 2065 τόνδε,
758 2020 820 2059 καὶ
847 2020 943 2058 κατὰ
967 2018 1111 2071 χθονὸς

218 2088 299 2126 ἴτω.
371 2085 415 2126 τὸ
439 2086 582 2137 ταύτης
607 2090 723 2137 σῶμα
746 2088 936 2137 τιμᾶσθαι
960 2085 1102 2139 χρεών,

217 2152 303 2202 ἥτις
326 2170 373 2204 γε
397 2155 466 2204 τῆς
492 2156 566 2204 σῆς
591 2152 785 2205 προύθανε
807 2154 955 2205 ψυχῆς,
984 2151 1135 2197 τέκνον,
1380 2155 1445 2186 620

162 2255 224 2284 594
250 2244 446 2277 ἱππόστασιν
461 2246 486 2276 L
498 2246 524 2276 P
537 2245 564 2275 B
576 2250 599 2279 Σ
612 2257 618 2277 z
645 2245 825 2277 ὑπόστασιν
838 2244 867 2274 V
958 2246 1141 2276 Μολοσσῶν
1154 2242 1295 2285 <ὄρέων>
1310 2243 1423 2274 Bauer
1437 2255 1444 2274 ε

119 2288 160 2320 cs.
178 2299 207 2318 v.
223 2289 287 2327 603
463 2299 526 2327 595
554 2290 581 2320 δ’
599 2289 629 2319 V
643 2289 669 2319 B
686 2300 692 2318 :
719 2289 749 2319 τ’
769 2288 794 2317 L
811 2288 836 2317 P
968 2286 1118 2328 Αἰγαίων’
1131 2292 1154 2320 Σ
1171 2299 1177 2317 :
1203 2289 1329 2328 αι”γαῖον
1345 2287 1442 2317 codd.

119 2332 183 2369 598
207 2334 309 2371 ξεῖνον
325 2331 467 2363 Aldina:
494 2332 583 2372 ξένον
600 2333 696 2363 codd.
844 2342 908 2370 599
932 2332 1029 2372 φίλας
1045 2330 1170 2361 Aldina
1186 2341 1192 2360 :
1217 2331 1328 2370 φιλίας
1345 2330 1441 2361 codd.

118 2377 180 2412 603
207 2375 325 2415 ἄγαμαι
343 2375 466 2405 delevit
483 2376 495 2404 l
644 2376 707 2406 608
730 2376 806 2417 πρὸς
827 2375 851 2404 L
865 2374 890 2404 P
907 2385 913 2404 :
940 2376 983 2406 εἷς
1001 2374 1029 2404 V
1042 2373 1069 2403 B
1211 2375 1274 2412 617
1300 2372 1443 2414 δύσφορα

123 2418 238 2448 LPb:
263 2421 402 2457 δυσμενῆ
419 2418 489 2448 VB
508 2423 541 2448 et
558 2418 622 2451 ΣΒ
