1651 2780
620 101 968 139 ΕΥΡΙΠΙΔΟΥ

230 205 366 246 σώσας
393 222 434 245 τε
461 204 530 245 τὸν
555 205 665 255 ε’μόν,
695 205 799 258 εἶχες
825 204 874 245 ἂν
900 204 1022 245 καλὸν
1047 204 1175 247 κλέος·
1379 219 1460 250 ¹²25

230 273 272 312 ἐν
297 275 378 313 τοῖς
405 275 538 313 κακοῖς
561 273 636 324 γὰρ
663 271 804 324 ἁγαθοὶ
831 270 1081 324 σαφέστατοι

229 339 356 390 φίλοι·
395 340 442 378 τὰ
467 340 623 391 χρηστὰ
651 338 683 378 δ’
709 338 793 378 αὕθ’
821 338 954 379 ἕκαστ’
980 339 1065 392 ἔχει
1091 340 1246 391 φίλους.

230 406 263 445 εἰ
289 404 321 445 δ’
348 404 556 455 ἐσπάνιζες
582 405 809 459 χρημάτων,
837 405 857 445 ὃ
883 405 915 445 δ’
941 405 1108 458 εὐτύχει,

230 472 427 523 θησαυρὸς
452 471 499 512 ἄν
525 489 592 512 σοι
619 476 710 513 παῖς
735 472 876 526 ὑπῆρχ’
904 472 1022 523 οὑμὸς
1045 472 1181 525 μέγας·

231 542 299 578 νῦν
323 538 355 577 δ’
380 538 459 578 οὔτ’
485 540 634 579 ἐκεῖνον
663 538 769 590 ἄνδρ’
795 539 901 592 ἔχεις
928 543 1060 594 σαυτῷ
1087 540 1222 591 φίλον,
1378 552 1462 584 1230

229 608 382 657 χρυσοῦ
405 604 437 644 τ’
463 607 600 656 ὄνησις
629 606 779 659 οἴχεται
805 605 941 647 παῖδές
965 623 1007 646 τε
1034 606 1114 651 σοί,
1281 612 1284 614 ’

231 671 347 713 αὐτός
373 689 415 712 τε
440 671 637 724 πράσσεις
664 673 751 713 ὧδε.
824 673 890 713 σοὶ
916 672 948 713 δ’
976 674 1054 725 ἐγὼ
1077 672 1199 725 λέγω,

231 737 494 790 Ἀγάμεμνον,
523 740 556 779 εἰ
581 738 669 793 τῷδ’
697 738 890 791 ἀρκέσεις,
919 739 1034 782 κακὸς
1061 745 1182 796 φανῇ·

231 804 311 845 οὔτ’
337 806 485 856 εὐσεβῆ
513 807 587 858 γὰρ
614 806 702 846 οὔτε
729 805 873 847 πιστὸν
898 807 956 848 οἷς
981 807 1116 859 ἐχρῆν,

231 872 305 925 οὐχ
331 872 456 918 ὅσιον,
485 872 530 912 οὐ
555 873 706 913 δίκαιον
733 872 773 913 εὖ
798 872 958 924 δράσεις
983 871 1110 923 ξένον·
1383 885 1464 917 1235

232 938 350 979 αὐτὸν
377 941 417 979 δὲ
443 939 596 992 χαίρειν
622 943 704 981 τοῖς
733 942 864 981 κακοῖς
891 941 937 979 σὲ
965 938 1150 992 φήσομεν

231 1008 409 1046 τοιοῦτον
435 1007 530 1046 ὅντα
555 1037 563 1045 .
595 1037 602 1046 .
632 1038 639 1046 .
668 1006 865 1048 δεσπότας
891 1006 922 1045 δ’
950 1006 994 1046 οὐ
1018 1009 1201 1058 λοιδορῶ.

130 1075 202 1113 Xo.
231 1076 307 1125 φεῦ
332 1076 420 1125 φεῦ·
459 1076 669 1126 βροτοῖσιν
696 1073 746 1114 ὡς
770 1074 818 1112 τὰ
844 1075 1004 1127 χρηστα
1030 1073 1241 1126 πράγματα

231 1144 418 1193 χρηστῶν
444 1141 627 1193 ἀφορμὰς
653 1139 834 1181 ἐνδίδωσ’
861 1141 920 1181 ἀεὶ
945 1140 1091 1192 λόγων.

129 1210 205 1260 Αγ.
235 1207 400 1260 ἀχθεινὰ
424 1207 498 1258 μέν
521 1224 589 1258 μοι
615 1207 831 1259 τάλλότρια
858 1207 1003 1259 κρίνειν
1030 1207 1139 1253 κακά,
1384 1220 1467 1251 1240

233 1275 338 1325 ὅμως
363 1273 395 1314 δ’
420 1273 585 1326 ἀνάγκη·
626 1275 688 1314 καὶ
714 1275 789 1326 γὰρ
814 1275 1012 1328 αἰσχύνην
1038 1273 1164 1327 φέρει,

234 1340 380 1394 πρᾶγμ’
407 1343 446 1383 ἐς
471 1340 591 1394 χέρας
617 1340 784 1392 λαβόντ’
811 1341 1052 1381 ἀπώσασθαι
1076 1341 1180 1382 τόδε.

233 1409 320 1459 ἐμοὶ
345 1407 391 1453 δ’,
419 1407 468 1448 ἵν’
495 1409 611 1465 εἰδῇς,
641 1407 719 1448 οὔτ’
746 1408 843 1459 ἐμὴν
869 1411 996 1450 δοκεῖς
1020 1407 1138 1462 χάριν

233 1474 312 1515 οὔτ’
337 1475 403 1515 οὖν
429 1474 604 1529 Ἀχαιῶν
631 1474 735 1526 ἄνδρ’
763 1476 990 1515 ἀποκτεῖναι
1014 1474 1141 1525 ξένον,

233 1542 324 1581 ἀλλ’
351 1541 402 1583 ὡς
429 1541 522 1597 ἔχῃς
548 1542 617 1582 τὸν
643 1542 794 1594 χρυσὸν
821 1543 863 1582 ἐν
889 1542 1047 1592 δόμοισι
1072 1545 1171 1584 σοῖς.
1386 1554 1466 1586 1245

234 1608 366 1660 λέγεις
391 1610 432 1648 δὲ
459 1612 590 1663 σαυτῷ
617 1608 815 1661 πρόσφορ’
841 1610 885 1649 ἐν
911 1612 1091 1649 κακοῖσιν
1115 1609 1181 1649 ὥν.

235 1674 324 1728 τάχ’
350 1675 418 1715 οὖν
444 1674 534 1727 παρ’
561 1676 651 1725 ὑμῖν
675 1673 807 1729 ῥᾴδιον
836 1674 1095 1725 ξενοκτονεΐν·

233 1742 324 1793 ἡμῖν
350 1741 392 1781 δέ
417 1741 451 1794 γ’
478 1741 648 1795 αἰσχρὸν
675 1745 803 1781 τοῖσιν
822 1741 1027 1792 ’Έλλησιν
1052 1742 1154 1782 τόδε.

233 1813 315 1850 πῶς
339 1809 407 1849 οὖν
434 1825 482 1848 σε
508 1810 639 1860 κρίνας
665 1808 716 1858 μὴ
745 1809 892 1849 ἀδικεῖν
918 1810 1031 1861 φύγω
1059 1810 1208 1862 ψόγον;

234 1875 302 1915 οὐκ
327 1875 375 1915 ἂν
401 1876 603 1926 δυναίμην.
668 1874 758 1915 ἀλλ’
786 1876 869 1915 ἐπεὶ
894 1877 942 1915 τὰ
965 1876 1017 1926 μὴ
1046 1877 1147 1916 καλὰ
1384 1886 1470 1918 1²50

235 1942 433 1994 πράσσειν
459 1943 644 1993 ἐτόλμας,
673 1945 788 1992 τλῆθι
815 1942 876 1982 καὶ
900 1944 947 1982 τὰ
972 1942 1024 1993 μὴ
1050 1943 1164 1994 φίλα.

139 2012 216 2049 Πλ.
239 2010 354 2060 οἴμοι,
382 2009 578 2061 γυναικός,
612 2009 663 2050 ὡς
688 2008 799 2061 ἔοιχ’,
827 2009 1062 2060 ἡσσώμενος

237 2077 380 2126 δούλης
405 2075 540 2127 ὑφέξω
568 2080 650 2117 τοῖς
678 2076 857 2115 κακίοσιν
882 2077 1004 2126 δίκην.

139 2146 210 2194 Ay.
239 2143 377 2183 οὔκουν
402 2144 571 2188 δικαίως,
604 2144 712 2194 εἴπερ
740 2141 913 2194 εἰργάσω
941 2141 1057 2188 κακά;

185 2238 266 2267 1226
290 2238 319 2268 οἱ
337 2236 439 2277 ’Ὑαθοὶ
461 2236 486 2266 L
504 2248 510 2266 :
536 2238 564 2267 οἱ
581 2237 692 2277 ἀγαθοὶ
711 2235 782 2266 rell.
898 2236 1093 2277 σαφέστεροι
1113 2235 1138 2265 L
1296 2244 1375 2273 1227
1401 2235 1470 2266 αὐθ-

139 2281 249 2312 έκαστ’
268 2280 296 2309 V
310 2280 335 2309 L
447 2291 526 2318 1244
553 2279 607 2311 οὖν
624 2290 688 2309 om.
709 2279 734 2308 L
855 2288 935 2317 1245
960 2280 1047 2320 ἔχεις
1067 2279 1178 2309 MVP
1198 2278 1298 2316 (corr.
1322 2277 1469 2318 M²vp):

139 2324 226 2364 ἔχοις
241 2324 254 2352 Ι
369 2333 448 2361 1254
475 2323 639 2353 Hecubae
654 2322 767 2352 tribuit
782 2322 819 2360 P,
833 2322 974 2352 fortasse
988 2327 1080 2352 recte
1172 2324 1338 2362 εἴργασται
1353 2320 1468 2351 Schol.

140 2377 204 2439 ἱεῖς.
228 2366 329 2397 Hom.
352 2367 386 2397 11.
408 2366 477 2397 xiii.
498 2376 556 2405 153
577 2368 738 2407 χεῖργασαι
757 2365 901 2403 Porsen)
1005 2365 1101 2405 κακά]
1120 2364 1196 2396 τάδε
1215 2364 1241 2394 L
1254 2364 1284 2394 O
1303 2369 1335 2394 et
1355 2363 1470 2394 Schol.

180 2420 243 2441 om.

1637 0 1651 63 1-hr

1639 154 1651 202 [κ’.
1640 93 1651 120 ι
1639 69 1646 83 κ
