1683 2732
166 180 238 217 Χο.

165 246 241 285 Φα.

162 379 235 417 Χο.

161 445 237 483 Φα.

190 2048 252 2080 597
271 2040 373 2080 φίλως
384 2040 415 2071 Α
427 2040 455 2071 Β
467 2041 512 2072 P·
529 2042 630 2083 φίλως
642 2041 702 2081 μὲν
716 2041 748 2072 Μ
760 2042 805 2073 V:

147 2084 181 2115 οὐ
193 2086 298 2115 καλῶς
309 2083 341 2113 in
354 2093 416 2115 ras.

648 75 1017 114 ΙΠΠΟΛὙΤΟΣ

264 177 455 229 πρόδοτος
481 179 521 218 ἐκ
548 178 691 230 φίλων.

263 243 473 285 ἀπώλεσέν
496 244 534 294 μ’
561 245 726 285 εἰποῦσα
751 244 959 296 συμφορὰς
984 243 1093 294 ἐμάς,

264 311 405 362 φίλως,
436 314 561 352 καλῶς
587 310 619 350 δ’
645 310 689 350 οὐ
713 309 820 361 τήνδ’
846 310 988 361 ἰωμένη
1015 311 1147 351 νόσον.

263 381 343 419 πῶς
368 377 454 424 οῧν;
492 378 532 418 τί
554 376 723 429 δράσεις,
752 375 780 417 ὦ
807 376 976 417 παθοῦσ’
1000 375 1203 430 ἀμήχανας

258 443 325 484 οὐκ
352 444 439 484 οῖδα
461 443 566 494 πλὴν
592 443 646 485 ἕν·
685 446 890 484 κατθανεῖν
914 443 1011 483 ὅσον
1036 442 1169 496 τάχος,

259 513 337 551 τῶν
361 514 431 552 νῦν
455 510 661 562 παρόντων
686 510 874 561 πημάτων
899 509 992 552 ἄκος
1015 510 1150 561 μόνον.

259 615 288 656 ὦ
314 621 407 670 γαῖα
430 620 551 670 μῆτερ
577 617 690 670 ἡλίου
714 617 745 657 τ’
771 618 1007 671 ἀναπτυχαί,

259 684 352 724 οἵων
376 685 509 736 λόγων
533 684 700 737 ἄρρητον
726 682 927 734 εἰσήκουσ’
953 685 1043 724 ὅπα.

220 781 228 791 ·
256 751 441 802 σίγησον,
469 749 498 791 ὦ
524 754 606 797 παῖ,
634 751 724 803 πρίν
750 750 821 792 τιν’
847 749 1060 792 αἰσθέσθαι
1084 752 1198 802 βοῆς.

256 816 324 857 οὐκ
349 816 432 857 ἔστ’
458 818 628 859 ἀκούσας
654 816 746 858 δείν’
773 818 879 859 ὅπως
903 816 1133 869 σιγήσομαι.

219 915 226 924 .
253 884 316 924 ναὶ
342 885 438 936 πρός
463 901 509 925 σε
535 886 602 934 τῆς
628 886 702 934 σῆς
728 883 857 934 δεξιᾶς
882 883 1088 924 εὐωλένου.

210 981 218 990 .
256 950 300 990 οὐ
324 950 376 1002 μὴ
403 952 635 1003 προσοίσεις
661 954 775 1004 χεῖρα
798 950 885 1001 μηδ’
911 949 998 1006 ἅψῃ
1023 949 1201 991 πέπλων.

219 1047 226 1057 .
252 1012 281 1056 ὦ
307 1018 404 1068 πρός
430 1034 478 1057 σε
503 1016 693 1070 γονάτων,
719 1020 905 1068 μηδαμῶς
929 1016 967 1067 μ’
994 1016 1202 1073 ἐξεργάσῃ.

209 1114 217 1123 .
255 1084 294 1123 τί
316 1083 361 1129 δ’,
389 1085 511 1136 εἴπερ,
538 1083 589 1126 ὡς
614 1085 705 1141 φῄς,
731 1086 853 1134 μηδὲν
878 1084 1033 1136 εἴρηκας
1059 1084 1197 1130 κακόν,·

217 1181 224 1190 .
252 1151 272 1189 ὁ
296 1151 428 1201 μῦθος,
457 1148 486 1190 ὦ
511 1153 594 1196 παῖ,
624 1149 750 1192 κοινὸς
775 1150 952 1202 οὐδαμῶς
976 1151 1053 1191 ὅδε.

253 1216 301 1257 τά
326 1233 386 1257 τοι
413 1216 500 1258 κάλ’
527 1218 567 1258 ἐν
592 1220 784 1258 πολλοῖσι
810 1216 975 1257 κάλλιον
1000 1216 1147 1269 λέγειν.

215 1313 222 1322 .
249 1280 279 1322 ὦ
304 1300 453 1329 τεκνον,
479 1284 617 1336 ὅρκους
639 1286 825 1335 μηδαμῶς
850 1282 1058 1339 ἀτιμάσῃς.

250 1349 456 1402 ἡγλῶσσ’
483 1349 672 1403 ὀμώμοχ’,
699 1350 722 1401 ἡ
749 1352 791 1391 δὲ
815 1349 920 1403 φρην
946 1350 1157 1401 ἀνώμοτος.

215 1447 222 1456 .
249 1414 278 1456 ὼ
304 1420 386 1463 παῖ,
414 1417 454 1457 τί
476 1416 653 1470 δράσεις,·
692 1416 786 1459 σοὺς
812 1418 956 1469 φίλους
981 1415 1191 1473 διεργάση,·

251 1482 458 1524 ἀπέπτυσ’
495 1483 621 1525 οὐδεὶς
646 1482 778 1525 ἄδικός
804 1484 896 1524 ἐστί
917 1500 983 1534 μοι
1009 1483 1141 1535 φίλος.

213 1579 221 1589 .
249 1549 461 1601 σύγγνωθ’·
499 1551 686 1602 ἁμαρτεῖν
712 1549 812 1591 εἰκὸς
838 1549 1078 1601 ἀνθρώπους,
1105 1548 1254 1591 τέκνον.

251 1613 280 1655 ὦ
307 1619 394 1663 Ζεῦ,
422 1617 462 1657 τί
484 1615 531 1668 δὴ
558 1618 752 1668 κίβδηλον
777 1616 995 1669 ἀνθρώποις
1022 1615 1139 1657 κακὸν

250 1686 435 1734 γυναῖκας
461 1684 500 1725 ἐς
526 1686 610 1736 φῶς
633 1683 748 1734 ἡλίου
774 1681 1009 1738 κατῴκισας,·

249 1750 283 1789 εἰ
307 1751 382 1801 γὰρ
408 1750 593 1801 βρότειον
616 1748 757 1801 ἤθελες
782 1753 942 1801 σπεῖραι
966 1749 1092 1803 γένος,

249 1815 316 1855 οὐκ
341 1817 383 1856 ἐκ
407 1820 601 1868 γυναικῶν
625 1818 726 1869 χρῆν
750 1815 1033 1869 παρασχέσθαι
1057 1816 1157 1862 τόδε,

249 1881 340 1922 ἀλλ’
366 1882 594 1925 ἀντιθέντας
620 1886 755 1924 σοῖσιν
779 1884 821 1923 ἐν
847 1886 955 1925 ναοῖς
979 1882 1149 1934 βροτοὺς

247 1944 270 1997 ἢ
295 1948 447 2001 χρυσὸν
471 1946 494 2000 ἢ
521 1950 683 2002 σίδηρον
707 1946 730 2000 ἢ
756 1952 909 2004 χαλκοῦ
933 1948 1059 2001 βάρος

1424 191 1488 226 595

1417 513 1486 546 600

1415 887 1480 927 605

1410 1220 1478 1256 610

1414 1554 1474 1594 615

1407 1886 1473 1919 620

826 2041 928 2083 φιλως
937 2040 997 2080 μὲν
1010 2042 1044 2072 οὐ
1058 2042 1163 2072 καλῶς
1174 2038 1201 2071 δ’
1214 2038 1331 2079 ἴωμένη
1346 2039 1397 2079 L²‚
1410 2038 1470 2080 μὲν

525 2086 588 2124 598
604 2085 742 2126 τίγοῦν,·
760 2085 837 2116 Chr.
854 2084 924 2115 Pat.
939 2085 1004 2115 610
1015 2088 1049 2114 et
1064 2085 1161 2121 1830:
1178 2082 1278 2114 τίούν
1289 2082 1473 2115 Kirchhoff

146 2125 276 2158 ποθοῦσ’
297 2126 381 2157 LP:
407 2137 489 2159 corr.
511 2128 550 2158 Ι]
681 2129 743 2159 602
768 2127 834 2160 οἷον
849 2127 952 2168 λόγον
970 2126 1009 2157 L²
1024 2125 1078 2157 vel
1095 2126 1108 2155 l
1230 2126 1294 2164 605
1318 2129 1376 2165 τῆς
1393 2127 1468 2167 σῆς]

145 2171 247 2207 τῆσδε
264 2170 293 2200 V
425 2173 527 2212 δεξιᾶς
543 2171 574 2203 τ’
592 2170 644 2201 Bl
813 2171 879 2202 606
901 2171 1083 2212 προσοίσεις
1099 2169 1166 2200 VP
1184 2172 1217 2200 et
1233 2169 1306 2200 sine
1323 2169 1400 2201 dub.
1421 2169 1466 2202 L:

146 2213 318 2253 προσοῖσης
344 2212 418 2245 MA
436 2214 496 2244 L¹:
523 2227 546 2246 π
547 2215 679 2257 ροσοίσῃ
705 2214 733 2246 Β
908 2216 971 2245 612
996 2214 1046 2245 Cf.
1069 2212 1129 2244 Ar.
1154 2212 1242 2245 Ran.
1275 2222 1345 2251 102,
1374 2223 1463 2251 1471¹

145 2256 281 2288 Thesm.
301 2265 363 2297 275
451 2258 514 2296 614
539 2258 631 2290 ἔσται
650 2258 676 2288 L
689 2258 716 2289 Ρ
758 2260 762 2263 ”
803 2259 867 2297 615
891 2257 1044 2299 ἁμαρτεῖν
1060 2257 1086 2288 δ’
1104 2257 1187 2289 εἰκὸς
1205 2257 1366 2298 ἄνθρωπον
1382 2256 1462 2287 Chr.

147 2299 218 2332 Pat.
237 2300 301 2330 818
403 2301 465 2339 617
491 2300 665 2341 κατῳκισαι
683 2301 709 2331 Ρ
813 2302 878 2340 619
901 2300 992 2341 τόδε]
1011 2299 1110 2333 τέκνα
1125 2304 1212 2332 testa
1231 2299 1465 2332 Berolinensis

144 2344 205 2374 621
233 2343 251 2381 ἢ
269 2344 396 2384 χαλκὸν
412 2343 431 2382 ἢ
449 2356 480 2375 σ.
497 2344 517 2382 ἢ
534 2346 655 2385 χρυσοῦ
673 2344 699 2374 L
711 2343 737 2376 P
749 2344 776 2377 Β
795 2344 889 2375 Stob.
912 2353 960 2382 73.
978 2353 1020 2383 30
1109 2346 1255 2383 χαλκοῦν
1271 2342 1316 2374 Α2

230 2406 312 2430 EUR.
331 2406 353 2428 1.
