1651 2780
649 123 783 160 ETl'l
800 123 996 160 ΠΙΔΟΎ

256 228 468 277 τροφαῖσιν
494 225 545 267 ὥς
571 242 628 267 τις
654 225 822 277 πτόρθος
847 224 1031 276 ηὐξάμην,
1060 225 1196 268 τάλας·
1441 238 1482 260 20

255 292 341 332 ἐπεὶ
366 293 407 332 δὲ
432 292 556 344 Τροία
581 291 616 332 θ’
635 291 830 344 ’Έκτορός
855 292 887 332 τ’
913 293 1135 333 ἀπόλλυται

254 357 379 412 ψυχή,
407 356 565 413 πατρῴα
590 359 624 398 θ’
652 361 766 400 ἑστία
792 358 1037 412 κατεσκάφη,

255 425 369 467 αὐτὸς
394 427 435 466 δὲ
461 429 584 480 βωμῷ
610 425 709 478 πρὸς
734 426 933 481 θεοδμήτῳ
960 428 1088 468 πίτνει

254 492 426 545 σφαγεὶς
452 491 677 545 Ἀχιλλέως
703 493 842 536 παιδὸς
867 494 909 534 ἐκ
934 493 1160 546 μιαιφόνου,

254 559 394 599 κτείνει
418 576 467 610 με
492 563 644 612 χρυσοῦ
668 559 737 600 τὸν
761 561 1014 612 ταλαίπωρον
1038 559 1156 613 χάριν
1443 571 1482 602 25

255 624 366 676 ξένος
390 629 568 681 πατρῷος
595 627 657 668 καὶ
683 627 836 668 κτανὼν
862 628 902 669 ἐς
926 627 1026 678 οἶδμ’
1052 625 1149 669 ἁλὸς

253 692 408 746 μεθῆχ’,
436 692 484 733 ἵν’
510 693 625 735 αὐτὸς
650 693 806 747 χρυσὸν
832 695 874 734 ἐν
900 694 1034 745 δόμοις
1060 694 1145 750 ἔχῃ.

255 764 383 810 κεῖμαι
408 759 440 799 δ’
467 759 527 800 ἐπ’
552 761 701 807 ἀκταῖς,
730 760 868 801 ἄλλοτ’
893 762 936 801 ἐν
960 761 1106 802 πόντου
1130 759 1257 814 σάλῳ,

254 830 421 868 πολλοῖς
447 827 620 869 διαύλοις
647 826 829 878 κυμάτων
856 827 1111 880 φορούμενος,

251 892 444 935 ἄκλαυτος
469 892 635 946 ἄταφος·
675 897 743 934 νῦν
768 893 800 934 δ’
825 895 921 946 ὑπὲρ
945 893 1090 946 μητρὸς
1117 894 1238 947 φίλης
1444 907 1484 938 30

251 959 428 1011 Ἑκάβης
455 961 600 1006 ἀίσσω,
630 960 730 1011 σῶμ’
757 961 964 1012 ἐρημώσας
990 961 1095 1011 ἐμόν,

252 1031 424 1078 τριταῖον
449 1026 521 1077 ἤδη
550 1026 702 1080 φέγγος
728 1027 1000 1080 αἰωρούμενος,

252 1095 426 1145 ὅσονπερ
451 1095 493 1134 ἐν
518 1099 568 1150 γῇ
593 1097 684 1151 τῇδε
710 1095 966 1148 Χερσονησίᾳ

251 1159 376 1213 μήτηρ
403 1160 474 1212 ἐμὴ
502 1161 696 1211 δύστηνος
723 1162 764 1201 ἐκ
789 1161 934 1213 Τροίας
957 1160 1074 1213 πάρα.

251 1227 395 1269 πάντες
421 1227 453 1267 δ’
480 1227 638 1281 Ἀχαιοὶ
663 1231 755 1269 ναῦς
783 1227 941 1280 ἔχοντες
967 1227 1112 1280 ἥσυχοι
1443 1240 1482 1271 35

252 1294 449 1335 θάσσουσ’
478 1293 537 1335 ἐπ’
564 1295 699 1337 ἀκταῖς
726 1297 849 1345 τῆσδε
875 1295 1051 1350 Θρῃκίας
1075 1294 1234 1348 χθονός·

250 1362 271 1400 ὁ
297 1360 466 1412 Πηλέως
489 1362 565 1413 γὰρ
592 1364 683 1403 παῖς
709 1363 806 1412 ὑπὲρ
832 1362 985 1412 τύμβου
1010 1362 1151 1413 φανεὶς

253 1427 414 1481 κατέσχ’
441 1428 658 1481 Ἀχιλλεὺς
685 1430 764 1469 πᾶν
791 1427 998 1479 στράτευμ’
1023 1427 1274 1477 Ἑλληνικόν,

251 1494 346 1547 πρὸς
372 1495 480 1535 οἶκον
506 1495 742 1537 εὐθύνοντας
767 1496 932 1536 ἐναλίαν
957 1494 1125 1545 πλάτην·

251 1563 353 1602 αἰτεῖ
375 1561 408 1601 δ’
435 1561 615 1613 ἀδελφὴν
642 1562 713 1612 τὴν
741 1561 838 1613 ἐμὴν
864 1558 1098 1612 Πολυξένην
1438 1573 1482 1604 40

249 1629 387 1682 τύμβῳ
414 1629 536 1680 φίλον
561 1629 816 1680 πρόσφαγμα
841 1629 905 1669 καὶ
929 1627 1047 1680 γέρας
1071 1631 1228 1678 λαβεῖν.

250 1696 313 1736 καὶ
337 1693 513 1745 τεύξεται
538 1694 655 1741 τοῦδ’,
687 1694 767 1735 οὐδ’
795 1695 991 1745 ἀδώρητος
1018 1695 1148 1745 φίλων

251 1762 365 1803 ἔσται
389 1761 484 1814 πρὸς
509 1762 673 1813 ἀνδρῶν·
710 1761 733 1811 ἡ
760 1760 995 1813 πεπρωμένη
1022 1760 1054 1800 δ’
1082 1760 1168 1813 ἄγει

251 1831 383 1869 θανεῖν
409 1827 588 1881 ἀδελφὴν
615 1827 705 1882 τῷδ’
734 1827 828 1878 ἐμὴν
857 1829 898 1867 ἐν
923 1827 1053 1878 ἤματι.

250 1898 357 1936 δυοῖν
381 1897 420 1935 δὲ
448 1896 605 1935 παίδοιν
631 1894 699 1935 δύο
727 1894 851 1945 νεκρὼ
878 1895 1094 1946 κατόψεται
1440 1907 1480 1937 45

249 1961 386 2014 μήτηρ,
415 1963 507 2012 ἐμοῦ
531 1978 574 2002 τε
597 1964 667 2012 τῆς
695 1978 737 2001 τε
763 1959 956 2010 δυστήνου
983 1961 1110 2012 κόρης.

251 2027 481 2081 φανήσομαι
508 2028 595 2081 γάρ,
625 2028 676 2070 ὡς
702 2026 831 2080 τάφου
855 2026 1015 2077 τλήμων
1040 2028 1160 2080 τύχω,

193 2132 233 2160 23
258 2121 292 2153 δὲ
310 2121 406 2153 AV:
429 2136 466 2154 τε
486 2122 519 2152 Μ
537 2121 638 2156 LPE
765 2119 947 2160 λιθοδμήτῳ
975 2119 1007 2149 Μ
1037 2119 1214 2160 (θεοδμήτῳ
1238 2123 1262 2152 Σ
1287 2123 1321 2149 et
1343 2131 1394 2159 γρ.
1418 2118 1479 2156 M‘)

150 2166 190 2194 28
216 2166 313 2203 ἀκτῆς
326 2165 358 2195 Μ
375 2166 405 2197 O
514 2176 555 2204 29
582 2167 694 2198 ἄλλοις
710 2163 847 2194 Usener
948 2173 990 2201 30
1014 2164 1198 2194 ἄκλαυστος
1212 2163 1334 2203 ἄταφος
1349 2161 1478 2192 MAV:

150 2209 270 2249 ἄταφος
288 2210 447 2242 ἄκλαυτος
467 2209 492 2239 L
506 2208 532 2239 P
545 2209 574 2239 O
594 2209 659 2248 (ἅτ.
680 2209 862 2240 ἄκλαυστος
881 2206 920 2244 Ρ)
1055 2215 1095 2244 35
1120 2204 1151 2237 τ’
1168 2205 1201 2235 Μ
1332 2205 1375 2244 36
1399 2208 1481 2259 (31an-

149 2252 218 2289 κίης
237 2252 263 2282 L
397 2254 439 2291 38
463 2264 514 2293 Ὑρ.
533 2251 670 2293 ἀχαϊκόν
689 2251 721 2280 Μ
868 2259 911 2287 39
936 2249 1080 2280 εἰναλίαν
1093 2248 1124 2278 Α
1137 2249 1163 2278 L
1175 2248 1202 2278 P
1214 2248 1264 2278 M²
1353 2255 1482 2279 πλαταν

150 2295 176 2324 L
324 2307 365 2334 42
390 2299 425 2328 οὐ
442 2297 504 2337 γὰρ
522 2295 548 2325 L
705 2305 746 2332 44
772 2293 818 2323 sic
835 2292 865 2322 Α
877 2292 907 2321 V
920 2292 950 2323 O
967 2305 1018 2332 γρ.
1036 2291 1067 2320 Μ
1085 2303 1092 2321 2
1115 2293 1176 2329 ’τὴν
1194 2292 1273 2331 ἐμὴν
1289 2289 1360 2333 τῇδ’
1379 2290 1480 2331 ἡμέρᾳ

150 2338 181 2368 Μ
198 2339 223 2368 Ρ
239 2338 287 2368 Fl
312 2340 385 2379 (τὴν
403 2340 482 2378 ἐμὴν
501 2351 641 2367 *wama-*222³
658 2338 697 2370 L}
806 2345 846 2374 45
871 2334 942 2374 δύο]
961 2335 1022 2366 δύω
1039 2334 1070 2363 Α
1082 2334 1110 2363 V
1123 2334 1148 2364 L
1254 2335 1296 2372 46
1320 2333 1479 2366 δυστάνου

150 2382 242 2423 κόρας
262 2383 287 2412 L
