1651 2780
685 98 1029 136 ΕΥΡΙΠΙΔΟΥ

290 202 424 244 δείσας
450 200 634 253 δέδρακεν
660 200 776 253 ἔργον
803 200 1085 246 ἀνοσιώτατον,

291 270 421 318 κοινῆς
447 267 640 320 τραπέζης
667 266 860 309 πολλάκις
885 268 1015 321 τυχὼν
1041 268 1140 318 ἐμοί,

290 334 419 385 ξενίας
444 334 477 374 τ’
505 335 653 389 ἀριθμῷ
680 334 798 386 πρῶτ’
823 334 927 387 ἔχων
953 335 1056 384 ἐμῶν
1082 334 1226 385 φίλων,

290 402 421 454 τυχὼν
446 400 478 441 δ’
507 401 614 441 ὅσων
641 404 766 441 δεῖ--.
835 401 896 440 καὶ
921 401 1062 451 λαβὼν
1086 400 1309 452 προμηθίαν
1454 410 1516 443 795

291 468 451 508 ἔκτεινε·
489 468 643 518 τύμβου
669 467 715 513 δ’,
743 469 776 508 εἰ
802 471 956 508 κτανεῖν
982 468 1187 518 ἐβούλετο,

292 534 360 574 οὐκ
386 533 570 585 ἠξίωσεν,
601 533 692 574 ἀλλ’
719 535 849 586 ἇφῆκε
874 533 1050 574 πόντιον.

290 601 401 651 ἡμεῖς
425 603 498 652 μὲν
525 600 592 641 οὖν
620 602 758 641 δοῦλοί
777 618 819 641 τε
846 601 1050 642 κάσθενεῖς
1074 602 1185 642 'Co-cos·

291 667 383 708 ἀλλ’
410 669 445 708 οἱ
472 668 553 708 θεοὶ
581 667 770 708 σθένουσι
794 667 853 720 χὼ
879 669 1017 708 κείνων
1043 670 1194 718 κρατῶν

292 735 440 785 Νόμος·
468 736 574 789 νόμῳ
601 736 675 787 γὰρ
701 735 791 776 τοὺς
817 734 928 776 θεοὺς
952 734 1152 786 ἡγούμεθα
1458 737 1522 768 800

294 801 354 842 καὶ
381 802 504 852 ζῶμεν
531 800 644 841 ἄδικα
672 801 733 841 καὶ
758 801 872 841 δίκαι’
900 800 1122 853 ὡρισμένου

295 868 336 910 ὃς
363 869 402 909 ἐς
429 867 467 907 σ’
495 868 674 908 ἀνελθὼν
701 869 733 908 εἰ
759 866 1085 920 διαφθαρήσεται,

293 935 355 974 καὶ
380 934 431 985 μὴ
458 936 568 984 δίκην
596 935 795 975 δώσουσιν
822 935 963 975 οἵτινες
989 933 1123 985 ξένους

296 1002 515 1042 κτείνουσιν
541 998 563 1050 ἦ
594 1004 693 1042 θεῶν
720 1003 803 1053 ἱερὰ
828 1004 1031 1051 τολμῶσιν
1057 1000 1205 1052 φέρειν,

295 1068 362 1108 οὐκ
389 1068 498 1108 ἔστιν
526 1067 638 1108 οὐδὲν
665 1071 743 1108 τῶν
770 1069 811 1108 ἐν
837 1068 1058 1119 ἀνθρώποις
1082 1068 1185 1108 ἴσον.
1459 1072 1522 1109 805

295 1134 399 1175 ταῦτ’
425 1134 492 1175 οὖν
519 1136 561 1175 ἐν
588 1136 742 1189 αἰσχρῷ
768 1134 929 1186 θέμενος
955 1133 1161 1184 αἰδέσθητί
1181 1150 1242 1184 με·

296 1203 466 1254 οἴκτιρον
492 1201 607 1252 ἡμᾶς,
637 1201 687 1243 ὡς
711 1197 948 1253 ’ῨγραφεύςῨ
972 1200 1005 1240 τ’
1031 1200 1272 1242 ἀποσταθεὶς

298 1270 379 1309 ἰδοῦ
402 1285 449 1319 με
477 1267 729 1320 κάνάθρησον
753 1267 802 1308 οἷ’
825 1268 904 1321 ἔχω
931 1266 1040 1308 κακά.

296 1336 483 1386 τύραννος
512 1334 535 1385 ἦ
560 1334 660 1380 ποτ’,
689 1336 795 1375 ἀλλὰ
818 1337 886 1375 νῦν
911 1334 1032 1385 δούλη
1060 1333 1190 1381 σέθεν,

298 1402 433 1443 εὔπαις
460 1400 545 1442 ποτ’
574 1402 686 1447 οὖσα,
715 1405 781 1442 νῦν
806 1403 847 1442 δὲ
872 1405 992 1454 γραῦς
1016 1400 1134 1444 ἄπαις
1159 1400 1193 1441 θ’
1218 1399 1311 1452 ἅμα,
1463 1405 1526 1435 810

299 1468 442 1511 ἄπολις
468 1469 624 1520 ἕρημος,
653 1468 874 1519 ἀθλιωτάτη
901 1472 1059 1521 βροτῶν
1097 1499 1104 1508 .
1145 1499 1153 1508 .
1194 1499 1202 1508 .

365 1537 467 1586 οἴμοι
494 1534 676 1581 τάλαινα,
704 1539 774 1576 ποῖ
794 1534 832 1586 μ’
856 1533 1066 1587 ὑπεξάγεις
1091 1535 1210 1582 πόδας

299 1604 408 1644 ἔοικα
433 1600 597 1653 πράξειν
624 1601 746 1642 οὐδέν·
784 1599 812 1641 ὦ
837 1600 991 1642 τάλαιν’
1017 1601 1108 1654 ἐγώ.

299 1671 340 1710 τί
360 1671 458 1719 δῆτα
485 1669 618 1718 θνητοὶ
643 1668 772 1708 τᾶλλα
796 1670 868 1719 μὲν
891 1667 1101 1719 μαθήματα

299 1739 524 1789 μοχθοῦμεν
554 1735 604 1777 ὡς
629 1734 704 1789 χρὴ
731 1734 858 1775 πάντα
884 1735 945 1774 καὶ
968 1734 1199 1786 ματεύομεν,
1465 1737 1526 1777 815

302 1803 434 1844 Πειθὼ
459 1804 502 1843 δὲ
529 1802 599 1852 τὴν
624 1802 814 1853 τύραννον
839 1801 1058 1853 ἀνθρώποις
1081 1802 1206 1852 μόνην

302 1869 414 1911 οὐδέν
441 1886 478 1909 τι
502 1871 658 1920 μᾶλλον
684 1870 724 1910 ἐς
748 1868 864 1911 τέλος
890 1867 1161 1920 σπουδάζομεν

246 1971 392 2001 793—797
419 1961 566 1999 suspecti
587 1960 640 1990 alii
659 1960 731 1990 aliis
865 1970 926 1999 794
951 1960 1048 2001 πρῶτ’
1067 1960 1153 2000 ἔχων
1171 1959 1291 2000 scripsi
1308 1970 1315 1990 ε
1339 1961 1449 2001 πρῶτα
1465 1961 1530 1990 τῶν

202 2006 297 2036 codd.
314 2010 346 2035 et
360 2009 383 2038 Σ
400 2004 455 2043 (τὰ
481 2006 591 2045 πρῶτα
605 2008 668 2036 τῶν
680 2003 725 2033 A*¹¹
745 2015 752 2034 :
776 2003 884 2045 πρῶτά
896 2004 926 2034 τ’
940 2004 983 2034 ὢν
996 2002 1189 2034 Wakefield
1280 2003 1384 2044 φίλων
1399 2001 1431 2032 Μ
1445 2001 1529 2032 LP:

202 2049 296 2090 ξένων
312 2048 344 2078 Α
359 2048 385 2078 Β
399 2047 428 2078 O
446 2061 498 2089 Ὑρ.
516 2047 547 2077 Μ
684 2056 745 2087 795
770 2048 796 2078 δ’
808 2057 871 2077 om.
888 2046 930 2085 Μ
947 2046 1021 2077 add.
1041 2046 1086 2076 M²
1175 2048 1252 2079 ὅσον
1270 2046 1302 2076 Μ
1316 2046 1343 2076 Β
1359 2059 1365 2078 :
1390 2055 1476 2076 corr.
1491 2044 1530 2075 Β2

203 2093 266 2131 796
291 2093 319 2123 εἴ
334 2092 368 2122 in
386 2101 502 2122 rasura
530 2090 574 2120 M³
750 2091 814 2121 800
838 2090 926 2130 τοὺς]
943 2091 993 2121 καὶ
1014 2090 1161 2120 Dindorf
1288 2091 1351 2120 802
1375 2088 1419 2128 εἰ]
1436 2090 1456 2127 ἢ
1475 2088 1530 2119 Μ.
1523 2099 1530 2106 ·

202 2135 353 2166 eor1.M²
487 2136 551 2174 805
577 2136 764 2176 ἀνθρώποισι
782 2137 847 2166 σῶν
862 2133 1116 2164 Radermacher
1239 2135 1301 2172 807
1325 2146 1367 2175 γρ
1370 2133 1466 2173 αφεὺς
1484 2130 1531 2161 Μ2

204 2179 274 2210 1ell.
293 2184 340 2213 Σε
365 2181 502 2221 βραβεὺς
528 2179 590 2209 nisi
617 2179 714 2209 fallor
733 2179 764 2208 M
785 2179 875 2219 (wa
864 2179 944 2210 εὺς
963 2177 1001 2207 cs.
1021 2188 1049 2207 v.
1072 2177 1135 2215 528
1152 2181 1185 2207 et
1201 2176 1308 2207 Andr.
1329 2178 1409 2216 9725
1428 2175 1530 2214 idque

203 2233 319 2253 verum
352 2224 474 2261 iudico,
510 2224 693 2262 ‘tanquam
726 2222 847 2259 mhi—,tm
878 2232 898 2251 a
929 2221 1124 2251 contenttone
1155 2223 1299 2250 remotus
1328 2222 1431 2260 specta
1459 2229 1510 2249 me

203 2268 266 2306 809
292 2267 444 2299 δέσποινα
460 2266 522 2309 γάρ
538 2280 601 2298 ποτ
605 2265 652 2296 'L
668 2266 731 2308 (γρ.
751 2266 902 2307 τύραννος
918 2264 957 2302 ἧν
973 2265 999 2303 Ι)
1089 2264 1128 2302 ἧν
1141 2265 1238 2295 codd.
1371 2263 1437 2294 810
1459 2261 1530 2295 τότ’

205 2310 285 2342 οὖσα
310 2310 496 2341 Hoffmann
524 2310 586 2349 (sic
610 2309 655 2350 O)
799 2310 863 2339 812
895 2311 955 2340 ποῦ
982 2309 1006 2338 L
1139 2309 1203 2347 815
1230 2306 1410 2348 ματεύομεν
1434 2306 1461 2336 L
1482 2311 1530 2345 (et

206 2354 349 2384 fortasse
370 2353 413 2383 M¹
434 2364 476 2384 cx
496 2354 597 2391 corrfj
621 2365 626 2383 :
649 2352 852 2392 μαστεύομεν
871 2352 940 2382 rell.
964 2352 1009 2381 Μ43
