1683 2732
675 84 1043 122 ΙΠΠΟΛΎΤΟΣ

295 189 397 242 ἐρᾷς·
435 188 475 227 τί
496 190 609 227 τοῦτο
635 189 780 237 θαῦμα;
820 186 893 226 σὺν
919 189 1084 228 πολλοῖς
1110 190 1280 238 βροτῶν.

296 253 444 294 κᾶπειτ’
470 254 613 305 ἔρωτος
638 254 778 294 οὕνεκα
802 251 940 304 ψυχὴν
965 253 1090 299 ὀλεῖς,·
1450 269 1516 299 440

293 320 338 361 οὔ
361 319 459 372 τᾶρα
482 320 568 360 λύει
593 322 674 361 τοῖς
700 320 820 370 ἐρῶσι
844 322 921 359 τῶν
946 318 1083 365 πέλας,

293 386 382 426 ὅσοι
406 403 449 427 τε
472 383 678 437 μέλλουσ’,
706 386 739 425 εἰ
766 387 896 425 θανεῖν
922 384 1060 427 αὐτοὺς
1083 385 1226 439 χρεών·

295 453 442 504 Κύπρις
467 453 541 504 γὰρ
567 451 610 492 οὐ
635 452 821 504 φορητός,
848 448 896 501 ἢν
921 450 1052 502 πολλὴ
1076 452 1160 509 ῥυῇ·

292 517 315 569 ἢ
341 518 409 560 τὸν
433 520 505 570 μὲν
531 518 672 559 ε’ίκονθ’
698 518 832 575 ἡσυχῇ
856 517 1097 572 μετέρχεται,

293 584 338 626 ὃν
363 585 395 626 δ’
422 585 468 626 ἂν
494 584 778 638 περισσὸν,καὶ
803 584 1014 637 φρονοῦνθ’
1041 585 1130 640 εὕρῃ
1155 582 1269 637 μέγα,
1449 599 1514 631 445

293 656 431 693 τοῦτον
455 655 786 703 λαβοῦσα-πῶς
811 651 1271 703 δοκεῖς;-καθύβρισεν.

295 724 415 774 φοιτᾷ
439 718 471 759 δ’
497 718 557 760 ἀν’
583 718 718 771 αἰθέρ’,
746 718 834 759 ἔστι
858 718 892 758 δ’
916 719 957 758 ἐν
984 718 1194 772 θαλασσίῳ

295 786 463 826 κλύδωνι
488 785 651 839 Κύπρις,
678 784 806 826 πάντα
832 784 866 825 δ’
892 786 934 825 ἐκ
958 784 1100 835 ταύτης
1126 784 1214 836 ἔφυ·

293 852 352 903 ἥδ’
378 853 488 893 ἐστὶν
513 852 535 903 ἡ
562 853 783 906 σπείρουσα
808 852 870 892 καὶ
896 850 1041 892 διδοῦσ’
1067 850 1168 904 ἔρον,

294 919 339 959 οὓ
364 919 508 961 πάντες
534 920 656 970 ἐσμὲν
682 921 717 960 οἱ
744 920 839 958 κατὰ
863 917 975 971 χθόν’
1001 917 1170 970 ἔγγονοι.
1451 931 1517 962 450

293 986 383 1026 ὅσοι
407 988 478 1036 μὲν
504 985 572 1026 οὖν
597 984 754 1038 γραφάς
777 1001 819 1025 τε
844 988 922 1024 τῶν
946 983 1194 1036 παλαιτέρων

294 1052 456 1106 ἔχουσιν
482 1051 595 1092 αὐτοί
617 1051 650 1091 τ’
677 1051 779 1093 εἰσὶν
805 1051 846 1091 ἐν
870 1051 1037 1102 μούσαις
1062 1051 1135 1097 ἀεί,

294 1120 409 1159 ’ίσασι
434 1121 506 1169 μὲν
533 1118 631 1161 Ζεὺς
657 1119 708 1160 ὥς
731 1116 816 1158 ποτ’
842 1116 994 1169 ἠράσθη
1021 1116 1157 1169 γάμων

296 1185 484 1237 Σεμέλης,
512 1186 629 1226 ἴσασι
653 1184 685 1225 δ’
712 1184 762 1226 ὡς
787 1183 1015 1236 ἀνήρπασέν
1041 1200 1135 1225 ποτε

294 1251 317 1303 ἡ
345 1251 617 1305 καλλιφεγγὴς
644 1250 834 1303 Κέφαλον
861 1252 900 1293 ἐς
926 1250 1035 1292 θεοὺς
1051 1248 1158 1292 ‘'Ecos
1454 1264 1515 1294 455

295 1318 436 1371 ἔρωτος
463 1317 589 1359 εἵνεκ’·
617 1317 708 1358 ἀλλ’
735 1318 838 1368 ὅμως
863 1319 905 1358 ἐν
930 1316 1078 1371 οὐρανῷ

295 1387 450 1427 ναίουσι
476 1384 543 1425 κού
569 1385 787 1438 φεύγουσιν
813 1384 988 1424 ἐκποδὼν
1014 1383 1136 1428 θεούς,

296 1451 508 1505 στέργουσι
534 1451 580 1498 δ’,
609 1451 728 1503 οἶμαι,
757 1450 938 1505 ξυμφορᾷ
962 1450 1178 1500 νικώμενοι.

362 1519 411 1560 σὺ
437 1519 469 1558 δ’
496 1518 562 1558 οὐκ
589 1515 726 1574 ἀνέξῃ;
764 1519 865 1571 χρῆν
891 1516 930 1556 σ’
957 1516 1020 1556 ε’πὶ
1043 1517 1174 1568 ῥητοῖς
1199 1515 1273 1567 ἄρα

295 1585 445 1638 πατέρα
470 1586 666 1637 φυτεύειν,
692 1581 716 1634 ἦ
743 1584 799 1625 ’πὶ
825 1583 1037 1624 δεσπόταις
1063 1586 1165 1624 θεοῖς
1452 1587 1515 1626 460

294 1652 494 1698 ἄλλοισιν,
522 1653 555 1693 εἰ
579 1651 630 1703 μὴ
658 1651 800 1692 τούσδε
825 1667 870 1702 γε
896 1648 1072 1701 στέρξεις
1096 1650 1249 1699 νόμους.

294 1720 443 1761 πόσους
465 1716 594 1760 δοκεῖς
620 1717 665 1768 δὴ
694 1717 798 1770 κάρτ’
825 1717 992 1770 ἔχοντας
1017 1716 1058 1756 εὗ
1084 1719 1239 1767 φρενῶν

294 1785 476 1826 νοσοῢνθ’
504 1786 673 1837 ὁρῶντας
698 1784 844 1836 λέκτρα
867 1783 920 1834 μὴ
948 1786 1075 1822 δοκεῖν
1101 1783 1213 1834 ὁρᾶν;

294 1852 443 1899 πόσους
469 1854 511 1891 δὲ
535 1852 650 1892 παισὶ
675 1850 845 1902 πατέρας
869 1849 1114 1901 ἡμαρτηκόσι

296 1918 588 1969 συνεκκομίζειν
616 1917 786 1970 Κύπριν;
825 1918 868 1957 ἐν
896 1919 1063 1967 σοφοῖσι
1088 1916 1162 1966 γὰρ
1453 1915 1514 1954 465

238 2020 298 2048 441
324 2012 380 2042 οὐκ
397 2010 455 2051 ἄρα
472 2009 504 2040 Μ
516 2009 546 2039 V
679 2009 748 2041 λύει
766 2019 784 2039 e
802 2013 825 2041 Σ
841 2008 1052 2039 Valckenaer
1071 2007 1120 2046 (οὐ
1140 2006 1323 2042 λυσιτελεῖ)
1340 2015 1347 2033 :
1370 2003 1402 2043 ’γ’
1419 2004 1452 2034 οὐ
1470 2005 1516 2034 δεῖ

196 2054 292 2084 codd.
315 2053 426 2092 <deest
443 2053 476 2082 in
497 2052 543 2095 K)
663 2063 727 2091 443
751 2051 890 2093 φορητός
908 2051 1005 2081 codd.
1029 2049 1058 2079 K
1076 2053 1109 2079 et
1126 2052 1149 2081 Σ
1168 2048 1242 2077 Tro.
1264 2057 1329 2086 990
1345 2057 1351 2075 z
1376 2045 1517 2086 φορητόν

197 2097 290 2127 Stob.
307 2097 358 2135 63.
379 2106 398 2134 5
552 2107 616 2135 449
642 2096 795 2126 Fortasse
814 2092 993 2126 κάκδιδοῦσ’
1149 2101 1213 2129 450
1239 2090 1366 2131 ἔγγονοι
1386 2088 1458 2118 MA
1471 2088 1514 2119 P:

196 2140 323 2181 ἔκγονοι
346 2139 377 2169 V
389 2139 416 2169 B
432 2139 468 2179 L,
496 2139 575 2171 Chr.
604 2139 676 2169 Pat.
703 2148 755 2177 50,
786 2138 872 2168 Plut.
901 2137 985 2166 Mor.
1016 2137 1078 2174 756
1091 2135 1116 2164 E
1264 2134 1328 2172 456
1356 2133 1447 2164 εἵνεκ’
1466 2131 1515 2162 K:

196 2183 298 2216 οὕνεκ’
313 2186 348 2213 ut
365 2191 500 2222 semper
513 2182 584 2214 rell.
676 2183 739 2221 458
759 2180 900 2222 ξυμφορᾷ
917 2179 945 2209 Κ
961 2179 985 2208 Ι,
999 2178 1042 2208 P:
1066 2179 1213 2218 συμφορᾷ
1231 2176 1299 2207 rell.
1313 2187 1319 2206 :
1343 2177 1516 2216 συμφοραῖς

197 2227 275 2258 Chr.
291 2225 366 2257 Pat.
380 2227 461 2265 1065
551 2235 614 2265 459
640 2227 818 2268 ἐπιρρητοΐς
834 2224 865 2254 Μ
878 2223 907 2254 V
921 2227 953 2253 et
971 2226 1048 2251 ante
1067 2230 1151 2251 corr.
1167 2220 1194 2250 B
1284 2221 1342 2258 461
1371 2217 1517 2259 στέργεις

198 2271 223 2300 L
236 2270 261 2300 P
279 2275 312 2301 ct
329 2274 352 2303 Σ
366 2269 393 2300 Β
520 2271 583 2308 462
608 2272 731 2311 φρενῶν
748 2267 779 2298 Α
793 2268 817 2298 L
831 2267 856 2297 P
873 2278 878 2296 z
903 2267 1031 2306 φρονεῖν
1050 2264 1079 2294 Μ
1093 2263 1123 2293 V
1135 2264 1161 2294 B
1175 2267 1197 2296 Σ
1327 2263 1388 2300 463
1414 2263 1518 2293 δοκεῖν

197 2314 223 2345 θ’
241 2313 272 2343 Λ
404 2314 466 2352 464
492 2312 715 2355 ἡμαρτηκότας
734 2311 766 2342 Μ
785 2323 790 2341 :
816 2320 901 2341 corr.
923 2309 969 2339 M‘
