1683 2732
705 105 914 142 EKABH

153 211 232 248 Πλ.
254 206 283 248 ὦ
309 206 456 260 στέρνα
479 208 630 259 μαστοί
650 207 698 253 θ’,
725 208 765 247 οἵ
785 207 824 258 μ’
850 207 1040 259 ἐθρέψαθ’
1064 208 1198 259 ἡδέως.

154 278 223 315 Εκ.
250 273 279 314 ὦ
303 276 373 324 τῆς
397 275 524 327 ἀώρου
548 274 718 325 θύγατερ
743 274 883 314 ἀθλίας
907 274 1040 326 τύχης.
1412 288 1477 320 425

153 344 233 381 Πλ.
253 340 372 393 χαῖρ’,
399 338 428 380 ὦ
453 344 634 386 τεκοῦσα,
660 344 776 392 χαῖρε
802 338 1017 391 Κασάνδρα
1041 340 1074 379 τ’
1100 342 1200 391 ἐμοί,

154 411 225 447 Εκ.
251 408 458 460 χαίρουσιν
478 406 608 452 ἄλλοι,
634 407 750 458 μητρὶ
775 406 808 445 δ’
835 406 903 445 οὐκ
928 407 1038 446 ἔστιν
1063 408 1165 448 τόδε.

153 477 233 513 Πλ.
254 474 276 513 ὅ
299 473 332 513 τ’
359 475 401 514 ἐν
425 474 636 526 φιλίπποις
662 471 792 529 Θρῃξὶ
817 473 1056 526 Πολύδωρος
1082 473 1207 515 κάσις.

154 543 224 580 Εκ.
250 542 285 581 εἰ
312 541 355 597 ζῇ
378 539 429 593 γ’·
467 541 620 580 ἀπιστῶ
646 539 691 579 δ’·
730 541 805 580 ὧδε
830 537 958 580 πάντα
982 542 1175 593 δυστυχῶ.

156 610 234 646 ιἸλ.
257 607 300 663 ζῇ
326 608 387 648 καὶ
413 607 609 657 θανούσης
633 608 740 657 ὄμμα
765 608 986 663 συγκλῄσει
1010 607 1054 646 τὸ
1079 608 1168 647 σόν.
1414 620 1480 651 430

156 676 224 712 Εκ.
249 672 403 724 τέθνηκ’
430 674 556 726 ἔγωγε
581 673 672 725 πρὶν
697 676 830 713 θανεῖν
857 677 984 713 κακῶν
1007 674 1095 713 ὕπο.

153 742 233 781 Πλ.
256 739 397 791 κόμιζ’,
424 739 635 786 Ὀδυσσεῦ,
662 739 701 791 μ’
728 740 914 792 ἀμφιθεὶς
939 738 1037 792 κάρα
1061 739 1229 782 πέπλοις

252 806 303 848 ὡς
327 806 418 858 πρὶν
444 806 654 858 σφαγῆναί
675 805 710 859 γ’
737 805 924 856 ἐκτέτηκα
950 808 1110 859 καρδίαν

253 873 434 925 θρήνοισι
456 872 601 926 μητρὸς
625 872 740 923 τήνδε
764 872 798 912 τ’
825 872 973 924 ἐκτήκω
999 874 1120 925 γόοις.

253 937 282 979 ὦ
309 944 406 992 φῶς·
443 944 676 992 προσειπεῖν
703 942 776 991 γὰρ
803 939 878 980 σὸν
903 940 1012 991 ὄνομ’
1038 939 1175 990 ἔξεστί
1196 957 1274 992 μοι,
1414 953 1477 985 435

250 1006 412 1057 μέτεστι
436 1006 470 1046 δ’
495 1007 606 1047 οὐδὲν
632 1006 737 1056 πλὴν
763 1008 861 1046 ὅσον
885 1008 1031 1059 χρόνον
1056 1006 1195 1059 ξίφους

251 1074 379 1124 βαίνω
404 1072 551 1124 μεταξὺ
577 1072 639 1112 καὶ
664 1075 786 1124 πυρᾶς
811 1072 1047 1126 Ἀχιλλέως.

152 1142 223 1180 Ex.
249 1139 287 1180 οἲ
310 1139 393 1192 ’γώ,
419 1141 635 1191 προλείπω·
672 1139 808 1180 λύεται
833 1139 876 1180 δέ
899 1157 972 1191 μου
997 1139 1112 1191 μέλη.

252 1203 281 1245 ὦ
307 1205 487 1258 θύγατερ,
514 1205 618 1258 ἅψαι
641 1206 799 1257 μητρός,
827 1206 1000 1247 ἔκτεινον
1024 1206 1136 1260 χέρα,

251 1273 330 1314 δός·
365 1272 418 1324 μὴ
443 1273 563 1329 λίπῃς
586 1272 625 1323 μ’
651 1272 795 1313 ἄπαιδ’.
868 1274 1097 1324 ἀπωλόμην,
1125 1275 1254 1327 φίλαι.
1283 1305 1291 1315 .
1320 1304 1328 1315 .
1357 1305 1365 1314 .
1414 1288 1478 1318 440

316 1340 368 1381 ὣς
391 1339 463 1390 τὴν
488 1337 689 1380 Λάκαιναν
716 1340 914 1392 σύγγονον
941 1342 1179 1392 Διοσκόροιν

251 1405 422 1456 Ἑλένην
446 1407 578 1457 ἴδοιμι·
614 1408 677 1446 διὰ
703 1410 835 1447 καλῶν
859 1408 934 1459 γὰρ
960 1405 1143 1458 ὀμμάτων

252 1474 449 1527 αἴσχιστα
471 1473 619 1524 Τροίαν
646 1473 728 1514 εἷλε
753 1473 824 1523 τὴν
851 1474 1073 1525 εὐδαίμονα.

151 1574 226 1612 Χο.
246 1596 303 1601 -
452 1571 562 1623 αὔρα,
590 1573 751 1614 ποντιὰς
775 1572 885 1623 αὔρα,
1373 1569 1476 1625 [στρ.

384 1637 454 1679 ἅτε
477 1638 746 1690 ποντοπόρους
772 1639 878 1690 κομί·
1413 1651 1476 1683 445

253 1705 327 1755 ζεις
352 1706 446 1747 θοὰς
471 1702 636 1747 ἀκάτους
661 1704 722 1745 ἐπ’
747 1704 862 1757 οἶδμα
885 1707 1040 1757 λίμνας,

383 1775 454 1812 ποῖ
474 1789 523 1823 με
546 1773 617 1812 τὰν
640 1771 788 1823 μελέαν
813 1773 951 1824 πορεύ-

384 1855 487 1884 σεις,·
525 1842 578 1893 τῷ
604 1839 844 1880 δουλόσυνος
869 1839 965 1891 πρὸς
991 1841 1045 1881 οῗ-

385 1921 452 1945 κον
478 1904 651 1955 κτηθεῖσ’
676 1904 888 1957 ἀφίξομαι;
928 1903 951 1955 ἢ

453 1973 629 2023 Δωρίδος
655 1972 774 2023 ὅρμον
800 1973 905 2018 αἵας;
1412 1984 1477 2016 450

383 2034 406 2088 ἢ
432 2035 615 2083 Φθιάδος,
643 2038 737 2078 ἔνθα
761 2037 830 2078 τὸν

194 2142 258 2170 424
281 2130 395 2171 μασθοί
413 2131 444 2161 Μ
459 2131 490 2161 A
606 2141 669 2170 425
696 2132 805 2163 ἀθλίου
824 2131 855 2161 Μ
877 2143 883 2162 :
908 2131 1004 2163 ἀθλία
1020 2130 1197 2161 Markland
1316 2141 1377 2170 427
1402 2130 1475 2163 τόδε

149 2175 179 2206 V
191 2175 221 2205 O
235 2175 260 2205 F
276 2188 326 2216 γρ.
351 2174 394 2204 Μ1
412 2186 418 2204 :
442 2175 528 2215 χάρα
545 2174 577 2204 Μ
590 2174 621 2204 Α
634 2175 659 2204 L
672 2175 698 2205 P
861 2176 925 2213 428
949 2175 1057 2216 φίλοις
1073 2187 1134 2206 που
1149 2174 1280 2205 Verrall
1391 2176 1475 2216 θραξὶ

151 2219 247 2249 codd.
265 2229 271 2250 :
297 2229 380 2249 corr.
401 2219 578 2248 Hermann
713 2229 777 2257 429
799 2218 849 2259 γ’]
869 2219 896 2250 δ’
912 2219 942 2249 V
1046 2216 1090 2258 δ’]
1107 2218 1141 2259 γ’
1158 2217 1225 2247 VL
1357 2227 1420 2256 432
1444 2216 1476 2257 μ’

151 2273 215 2293 om.
235 2262 306 2293 AV
320 2262 345 2291 L
435 2261 513 2303 κάρᾳ
530 2261 669 2294 πέπλους
688 2262 871 2293 Kirchhoff
989 2271 1051 2301 433
1075 2260 1122 2302 γ’]
1140 2261 1173 2301 μ’
1194 2261 1219 2290 L
1328 2271 1392 2300 435
1414 2262 1476 2302 γὰρ

150 2316 214 2337 om.
234 2306 265 2336 A
383 2305 446 2344 438
469 2318 521 2344 μοι
537 2305 568 2335 V
693 2317 758 2344 440
780 2304 813 2345 μ’
831 2316 894 2336 om.
916 2306 942 2336 L
1064 2315 1213 2344 441-443
1239 2306 1342 2335 choro
1359 2305 1476 2334 tribuit

152 2349 329 2380 Hermann
346 2360 352 2379 :
370 2349 435 2379 del.
452 2348 614 2387 Hartnng
703 2360 766 2387 442
790 2350 841 2380 διὰ
857 2349 919 2389 γὰρ
936 2352 1044 2380 καλῶν
1060 2348 1084 2378 L
1174 2358 1237 2386 445
1263 2348 1332 2380 ἅτις
1347 2347 1476 2378 Barnes

153 2393 217 2431 446
239 2393 352 2432 λίμνης
369 2392 400 2423 A
414 2392 439 2422 L
572 2393 646 2431 448,
667 2402 731 2431 449
754 2393 800 2422 Sic
818 2392 917 2423 etiam
935 2396 959 2425 Σ
1092 2400 1151 2431 451
1179 2395 1243 2423 τῶν
1260 2391 1290 2420 Α
1305 2391 1331 2421 Ρ
