1683 2732
693 78 1009 115 ΑΛΚΗΣΤΙΣ

290 180 341 231 μή
368 181 426 222 τίς
450 180 489 230 μ’
516 179 660 235 ἐλέγξῃ
685 179 757 230 τὴν
782 178 878 230 ἐμὴν
906 179 1102 231 εὐεργέτιν

291 246 474 299 προδόντ’
501 248 542 287 ἐν
568 246 694 296 ἄλλης
720 246 890 296 δεμνίοις
917 245 1068 286 πίτνειν
1095 245 1197 292 νέας,

293 314 355 354 καὶ
382 316 451 364 τῆς
477 313 685 364 θανούσης·
723 311 815 363 ἀξία
840 311 882 353 δέ
907 329 973 363 μοι
999 311 1154 363 σέβειν·
1438 318 1521 349 1060

291 379 447 430 πολλὴν
473 380 661 432 πρόνοιαν
687 382 748 419 δεῖ
768 378 808 430 μ’
834 378 957 432 ἔχειν.
1031 379 1081 419 σὺ
1106 378 1152 425 δ’,
1180 377 1209 419 ‹T›
1235 379 1361 431 γύναι,

289 446 374 497 ἥτις
399 445 487 486 ποτ’
513 445 550 486 εἳ
573 446 636 492 σύ,
663 445 770 486 ταῦτ’
796 445 934 499 ἕχουσ’
959 444 1194 495 Ἀλκήστιδι

290 515 448 565 μορφῆς
471 512 578 564 μέτρ’
604 513 702 553 ἵσθι·
742 512 803 552 καὶ
829 511 1045 564 προσήιξαι
1070 511 1201 563 δέμας.

289 581 406 630 οἴμοι.
480 579 612 630 κόμιζε
636 579 733 631 πρὸς
758 582 858 619 θεῶν
885 577 931 629 ἐξ
954 578 1138 630 ὀμμάτων

290 649 456 697 γυναῖκα
478 644 605 696 τήνδε,
632 645 684 696 μή
709 645 747 696 μ’
774 646 868 702 ἕλῃς
891 645 1095 702 ᾑρημένον.
1439 649 1520 690 1065

290 715 389 752 δοκῶ
415 714 490 764 γὰρ
515 711 635 762 αὐτὴν
662 713 828 764 εἰσορῶν
856 711 1015 765 γυναῖχ’
1040 713 1136 764 ὁρᾶν

288 777 398 828 ἐμήν·
436 781 551 819 θολοῖ
572 781 614 820 δὲ
640 780 815 831 καρδίαν,
842 780 884 819 ἐκ
911 778 944 818 δ’
970 777 1155 829 ὀμμάτων

289 845 414 897 πηγαὶ
439 845 750 897 κατερρώγασιν·
790 843 819 885 ὦ
845 844 1007 896 τλήμων
1034 846 1124 897 ἐγώ,

290 911 341 953 ὡς
365 911 451 963 ἄρτι
475 911 643 954 πένθους
668 915 780 953 τοῦδε
805 912 973 964 γεύομαι
997 915 1147 964 πικροῦ.

190 981 260 1017 Xo.
289 978 365 1030 ἐγὼ
390 980 462 1028 μὲν
488 979 555 1018 οὐκ
580 978 709 1031 ἔχοιμ’
735 977 783 1019 ἂν
810 978 851 1019 εὗ
875 978 1011 1030 λέγειν
1035 978 1171 1030 τύχην·
1435 990 1519 1021 1070

289 1044 363 1097 χρὴ
389 1044 435 1090 δ’,
463 1045 574 1086 ὅστις
600 1045 636 1085 εἳ
659 1045 722 1091 σύ,
751 1048 953 1096 καρτερεῖν
979 1047 1069 1085 θεοῦ
1094 1045 1219 1085 δόσιν.

191 1113 266 1162 Ηρ.
288 1112 322 1150 εἰ
344 1112 420 1162 γὰρ
445 1111 643 1161 τοσαύτην
668 1111 833 1162 δύναμιν
860 1111 972 1164 εἶχον
997 1111 1101 1151 ὥστε
1126 1111 1203 1161 σὴν

289 1178 328 1218 ἐς
354 1181 439 1229 φῶς
464 1181 653 1229 πορεῦσαι
677 1177 869 1230 νερτέρων
896 1179 939 1218 ἐκ
964 1176 1151 1228 δωμάτων

290 1247 454 1295 γυναῖκα
479 1244 544 1283 καί
567 1260 632 1284 σοι
658 1243 776 1294 τήνδε
800 1247 995 1295 πορσῦναι
1020 1243 1148 1296 χάριν.

190 1313 259 1350 Αδ.
287 1309 386 1361 σάφ’
411 1310 499 1350 οἶδα
521 1310 753 1361 βούλεσθαί
776 1309 816 1349 σ’
843 1309 902 1350 ἄν.
975 1311 1081 1350 ἀλλὰ
1106 1313 1180 1351 ποῦ
1204 1311 1312 1357 τόδε,·
1435 1322 1515 1354 1075

288 1376 355 1416 οὐκ
381 1376 470 1417 ἔστι
494 1376 583 1417 τοὺς
611 1377 803 1417 θανόντας
830 1378 870 1418 ἐς
895 1375 997 1428 φάος
1016 1380 1167 1427 μολεῖν.

190 1446 265 1494 Ηρ.
284 1442 336 1494 μή
362 1460 430 1484 νυν
454 1442 691 1495 ὑπέρβαλλ’,
719 1442 810 1483 ἀλλ’
838 1444 1051 1494 ἐναισίμως
1076 1442 1187 1495 φέρε.

189 1512 258 1549 Αδ.
284 1510 378 1564 ῥᾷον
403 1513 608 1562 παραινεῖν
633 1506 656 1560 ἢ
683 1510 861 1551 παθόντα
890 1514 1101 1562 καρτερεῖν.

189 1579 264 1627 Hp.
285 1577 326 1616 τί
347 1576 380 1616 δ’
407 1576 455 1617 ἂν
480 1577 733 1629 προκόπτοις,
762 1578 795 1618 εἰ
821 1575 952 1618 θέλοις
977 1577 1037 1617 ἀεὶ
1064 1576 1237 1624 στένειν,·

188 1645 256 1682 Αδ.
284 1642 439 1694 ἔγνωκα
466 1643 617 1690 καύτός,
647 1643 738 1684 ἀλλ’
765 1643 862 1694 ἔρως
886 1660 944 1685 τις
970 1642 1114 1695 ἐξάγει.
1433 1648 1515 1679 1080

189 1711 264 1761 Ηρ.
285 1709 329 1749 τὸ
354 1711 428 1762 γὰρ
448 1712 629 1767 φιλῆσαι
654 1709 723 1750 τὸν
750 1710 905 1750 θανόντ’
930 1709 1018 1762 ἄγει
1044 1709 1172 1768 δάκρυ.

187 1777 256 1830 ᾼδ.
284 1776 494 1816 ἀπώλεσέν
519 1794 580 1827 με,
609 1776 695 1817 κᾶτι
719 1779 876 1827 μᾶλλον
900 1773 924 1826 ἦ
947 1776 1066 1829 λέγω.

232 1869 315 1906 1058
351 1867 469 1910 ἐλέγξῃ
500 1868 623 1900 LPB:
659 1868 784 1911 ἐλέγχῃ
810 1869 841 1899 V
1027 1878 1108 1908 1059
1143 1870 1247 1907 ἄλλης
1281 1869 1366 1899 LP:
1403 1870 1515 1901 ἄλλοις

186 1910 256 1940 VB
394 1913 476 1942 1062
505 1912 548 1944 τὰ
573 1912 653 1944 αὐτοί
669 1912 707 1942 L¹
726 1913 759 1942 in
782 1922 909 1950 marg:
942 1915 1046 1944 ταῦτα.
1062 1912 1158 1943 codd.
1305 1913 1388 1950 1063
1419 1926 1514 1954 προσ-

186 1954 286 1994 ήοιξαι
306 1955 351 1986 L:
385 1966 469 1986 corr.
494 1955 523 1986 l:
550 1955 646 1995 δέμας
669 1955 888 1997 προσεμφερές
906 1955 1024 1986 Nauck
1191 1957 1273 1994 1064
1300 1958 1332 1996 ἐξ
1349 1956 1435 1987 VB:
1462 1956 1512 1987 ἀπ’

188 1996 253 2027 LP
390 2000 473 2029 1066
497 1998 587 2040 ὁρᾶν]
609 2001 689 2041 ὁρῶν
705 1999 735 2029 V
870 2000 952 2030 1068
975 2002 1102 2038 τλῆμον
1117 1998 1184 2028 VP
1319 2009 1397 2037 1071
1426 2000 1515 2031 ὅστις

188 2041 218 2072 εῑ
241 2040 280 2072 σύ
305 2047 482 2081 suspecta:
513 2042 553 2073 cf.
573 2053 604 2074 v.
625 2044 728 2073 1062:
759 2043 798 2074 σὺ
820 2053 883 2074 om.
912 2044 957 2073 L:
991 2043 1060 2080 ἥτις
1083 2045 1130 2080 εἴη
1152 2042 1312 2081 Hayley:
1341 2043 1430 2074 ὅστις
1453 2043 1513 2074 εἶσι

188 2083 365 2114 Hermann
507 2095 589 2124 1072
621 2087 706 2118 ὥστε
732 2087 794 2125 σὴν
818 2097 880 2117 om.
911 2086 993 2117 LP:
1026 2086 1102 2116 add.
1128 2086 1159 2115 l:
1194 2088 1229 2118 ἐκ
1253 2089 1323 2118 θεοῦ
1347 2086 1424 2116 add.
1450 2086 1514 2116 alia

188 2137 307 2157 manus
325 2128 357 2157 in
375 2128 401 2158 P
417 2139 423 2158 :
448 2136 533 2160 λειπ.
557 2129 590 2159 in
608 2140 711 2168 marg.
730 2140 794 2160 ser.
815 2129 853 2159 L¹
1014 2139 1093 2167 1077
1119 2143 1174 2161 νυν
1191 2128 1369 2171 ὑπέρβαλλ’
1389 2129 1511 2159 Monk:

188 2172 243 2201 νῦν
267 2170 422 2212 ὑπέρβαλ’
442 2171 469 2202 Β
483 2172 512 2202 Ο
527 2173 556 2202 D
574 2184 580 2203 :
606 2175 661 2204 νῦν
683 2173 846 2214 ὑπέρβαιν’
864 2173 933 2203 VL
946 2172 972 2202 P
991 2172 1048 2212 (μὴ
1071 2175 1125 2204 νῦν
1147 2173 1416 2214 ὑπερβαλλόντως
1438 2172 1513 2213 φέρε

187 2215 226 2251 Σ)
327 2215 495 2253 αἷνεσίμως
512 2215 542 2245 V
554 2215 581 2245 B
730 2226 811 2255 1079
836 2216 939 2248 θέλοις
958 2215 1069 2246 Haun.
1087 2227 1094 2246 t
1119 2216 1222 2248 θέλεις
1239 2217 1337 2247 codd.
1355 2222 1388 2246 ct
1406 2216 1512 2246 codex

189 2255 321 2330 Giggssi,
341 2267 372 2296 p-
392 2268 455 2297 413
583 2258 711 2292 στένειν
727 2260 776 2292 ἀεί
793 2259 910 2290 Galen.
1079 2259 1163 2290 1080
1185 2272 1233 2292 τις
1251 2259 1369 2291 Galen.
1385 2269 1392 2289 τ
1416 2259 1462 2291 τίς
1480 2259 1512 2298 μ’

187 2310 225 2330 co
275 2323 282 2331 .
