1651 2780
591 122 1003 163 PRAEFATIO

136 239 287 289 iudice,
310 252 498 292 perraro.
563 238 747 279 Codices
780 237 818 278 O
853 242 895 278 et
931 238 984 287 D,
1016 251 1112 278 eum
1149 237 1182 276 Β
1215 236 1469 289 plerumque

134 309 464 358 consentientes,
486 322 617 361 saepe
646 321 744 348 cum
776 307 837 356 M,
860 307 933 348 ubi
963 307 1085 347 deest
1117 307 1162 346 M
1191 306 1294 346 satis
1324 306 1469 358 magni

135 378 343 419 momenti
376 376 496 427 fiunt,
527 376 702 417 maioris
730 376 764 415 si
794 376 915 416 deest
944 376 1076 416 etiam
1112 376 1175 426 B;
1212 382 1304 415 tum
1335 374 1468 414 etiam

133 446 336 500 perutiles
370 452 481 496 sunt,
514 459 612 485 cum
651 445 844 498 aliquam
879 444 936 485 ob
973 457 1147 485 causam
1184 443 1469 496 suspitionem

133 515 261 554 habet
298 515 340 555 id
379 514 495 566 quod
535 514 577 554 in
616 514 650 553 B
693 513 859 566 legitur.
935 513 1279 566 Byzantinorum
1317 524 1469 551 manus

131 597 233 623 sane
264 584 435 636 experti
468 588 568 624 sunt
601 582 640 624 O
671 589 714 623 et
744 583 801 632 D,
823 581 898 623 sed
928 582 1006 622 vix
1035 581 1207 634 gravius
1238 593 1371 633 quam
1398 579 1469 629 V;

132 658 175 692 et
199 651 238 692 O
262 653 438 704 quidem
462 658 675 704 quantum
698 651 841 692 valeat
865 652 1025 692 docent
1050 657 1091 690 et
1110 649 1206 690 finis
1232 648 1468 703 Hippolyti

132 727 173 760 et
195 721 403 761 Hecubae
425 720 607 769 initium,
624 733 701 760 nec
723 726 787 760 est
806 734 880 760 cur
902 719 943 759 D
962 720 1003 759 in
1024 718 1321 771 Aristophane
1346 724 1467 758 tanta

132 802 231 829 cura
253 788 436 839 colatur,
458 788 670 829 abiciatur
694 788 734 827 in
760 788 983 841 Euripide.

190 857 250 897 Hi
280 864 489 910 quattuor
520 856 632 907 libri,
655 857 701 897 M
718 856 882 906 AVB,
909 871 1174 910 quamquam
1202 869 1332 909 saepe
1360 856 1468 897 inter

129 939 174 965 se
210 926 608 978 discrepantes—et
644 925 819 978 saepius
855 925 899 966 V
935 927 991 966 ab
1029 926 1076 966 M
1116 925 1296 966 dissidet
1334 938 1466 978 quarn

129 995 469 1034 ceteri—tamen
513 995 555 1033 in
603 993 851 1046 uniyersum
898 995 1024 1046 quasi
1065 1007 1199 1034 unum
1249 1007 1385 1047 genus
1432 994 1467 1033 si

128 1076 213 1102 non
247 1076 378 1103 unam
408 1062 620 1103 familiam
654 1061 860 1113 efficiunt,
886 1062 1093 1116 signifero
1125 1062 1373 1111 Marcian03
1409 1075 1467 1102 ex

127 1132 263 1172 altera
299 1138 422 1184 parte
459 1137 577 1172 stant
621 1128 978 1186 L(aurentianus)
1020 1136 1064 1171 et
1106 1130 1378 1184 P(alatinus)‚
1412 1131 1467 1171 de

127 1201 283 1253 quibus
331 1214 427 1241 cum
470 1213 555 1241 non
599 1199 704 1241 nulli
744 1199 910 1253 volgati
958 1200 1042 1240 sint
1090 1213 1256 1240 errores
1299 1199 1466 1253 aliquid

127 1271 194 1311 hic
230 1271 495 1311 monendum
532 1276 609 1310 est.
672 1270 866 1311 Fuerant
901 1269 945 1310 hi
979 1270 1068 1310 duo
1101 1269 1285 1319 codices,
1318 1282 1462 1309 mane-

126 1340 319 1392 bantque
356 1351 492 1391 usque
525 1340 581 1380 ad
620 1338 957 1386 Kirchhoffium,
992 1338 1279 1379 fundamenta
1315 1343 1464 1379 textus

129 1408 363 1461 Euripidei.
444 1408 561 1448 Nam
607 1407 805 1448 Lascaris
845 1408 1025 1461 quidem
1075 1420 1173 1448 cum
1223 1406 1462 1448 editionem

126 1478 365 1530 principem
415 1483 583 1517 curaret
634 1482 842 1529 quattuor
892 1475 1136 1517 fabularum
1190 1475 1311 1516 Med.
1355 1475 1461 1529 Hip.

125 1546 223 1585 Alc.
257 1546 412 1598 Andr„
446 1546 725 1586 Laurentiani
759 1559 859 1585 usus
891 1551 956 1585 est
990 1544 1250 1598 apographo
1280 1542 1461 1599 (2888);

125 1614 417 1654 Laurentiano
465 1615 559 1667 ipso
602 1614 832 1663 Victorius,
880 1614 953 1666 qui
1000 1613 1191 1654 fabulam
1234 1612 1459 1655 Electram

125 1683 290 1735 primus
320 1682 506 1731 invenit;
541 1683 757 1733 Musums,
779 1682 970 1723 Aldinus
997 1683 1151 1730 editor,
1174 1689 1217 1723 et
1248 1683 1460 1734 Palatino,

124 1765 254 1803 quem
294 1751 384 1803 ipse
418 1751 641 1803 proprium
680 1751 947 1803 possidebat,
982 1757 1026 1791 et
1060 1751 1318 1806 apographo
1352 1766 1458 1806 quo-

125 1820 226 1860 dam
271 1819 565 1860 Laurentiani.
642 1817 729 1860 Sed
771 1833 870 1860 cum
906 1820 1097 1861 diversas
1140 1820 1183 1860 in
1226 1821 1378 1862 codice
1420 1822 1458 1863 L

125 1902 277 1928 manus
301 1901 429 1928 nemo
457 1888 599 1928 adhuc
627 1889 763 1940 probe
792 1888 1075 1938 distinxisset,
1097 1889 1299 1930 errabant
1326 1890 1370 1931 in
1393 1890 1458 1931 his

125 1957 244 1997 libris
273 1956 556 1997 aestimandis
585 1963 626 1997 et
659 1957 825 2010 antiqui
855 1958 1041 1998 editores
1068 1963 1112 1998 et
1143 1957 1456 2012 Kirchhoffius‚

123 2026 198 2065 sed
223 2026 363 2065 modis
385 2025 512 2065 valde
534 2026 728 2066 diversis.
778 2026 894 2066 Nam
917 2026 979 2066 illi
1001 2027 1178 2080 quidem
1202 2028 1457 2081 saepissime

124 2093 404 2146 interpolatas
421 2095 440 2134 l
454 2093 662 2134 lectiones
685 2094 844 2135 incauti
862 2096 1193 2148 propagabant;
1224 2095 1305 2145 hic,
1323 2110 1454 2138 manu

122 2163 374 2203 correctoris
391 2162 670 2215 deprehensa,
688 2163 793 2204 vitia
816 2163 930 2204 illius
947 2164 1029 2217 ipsi
1051 2163 1284 2218 imputavit
1301 2166 1454 2216 codici,

122 2238 261 2272 totum
295 2245 430 2284 genus
463 2231 549 2272 LP
581 2238 628 2290 ut
662 2231 967 2285 interpolatum
1000 2234 1239 2284 damnavit,
1268 2235 1455 2289 denique

122 2299 159 2338 L
183 2300 323 2352 ipsum
346 2307 392 2341 ut
413 2300 578 2342 foedius
595 2300 726 2341 etiam
745 2314 877 2354 quam
902 2302 932 2341 P
957 2302 1244 2355 depravatum
1263 2305 1451 2346 acerbis-

121 2369 228 2407 sime
249 2370 419 2421 sprevit.
483 2369 647 2409 Verum
671 2370 834 2422 primus
855 2370 963 2411 vidit
985 2370 1359 2423 &VilamowitziuQ
1377 2373 1452 2426 qui

121 2437 341 2478 Amalec-tis
362 2437 618 2491 Emzpidcis
640 2452 752 2478 anno
778 2440 855 2490 187
862 2448 885 2490 5
909 2440 1048 2488 editis,
1066 2440 1181 2480 iusto
1203 2441 1451 2483 discrimine

760 2522 800 2546 iv
