1651 2780
617 126 966 166 ΕΥΡΙΠΙΔΟΥ

220 230 425 270 παθοῦσαν
443 228 586 281 “Ἀιδην
610 232 733 282 μηδὲν
758 231 889 282 ἧσσον
915 234 1090 274 εἰσιδεῖν.

221 295 312 336 ἀλλ’
339 297 566 337 ἐκπεσοῦσα
591 297 704 348 τῆσδ’
730 299 939 350 ἀλητεύσω
966 300 1129 354 χθονός;
1388 315 1450 346 515

222 362 311 403 κούκ
338 364 600 418 αἰσχυνοῦμαι
626 365 721 415 δῆτ’,
750 367 818 406 ἐὰν
844 365 889 416 δή
917 384 974 408 τις
1003 366 1117 423 λέγῃ·

219 431 274 470 Τί
295 430 394 482 δεῦρ’
421 431 607 484 ἀφίκεσθ’
635 434 823 473 ἱκεσίοισι
851 433 924 474 σὺν
951 433 1108 476 κλάδοις

221 496 330 538 αὐτοὶ
357 502 702 552 φιλοψυχοῦντες;
742 499 844 551 ἔξιτε
870 501 1027 554 χθονός·

221 564 360 606 κακοὺς
386 566 460 617 γὰρ
484 566 595 616 ἡμεῖς
621 566 666 606 οὐ
693 566 1080 619 προσωφελήσομεν.

288 631 380 672 ἀλλ’
406 632 493 674 οὐδὲ
511 632 658 683 μέντοι,
687 637 811 675 τῶνδε
836 636 907 685 μὲν
933 635 1191 685 τεθνηκότων,
1390 649 1454 680 520

221 697 315 748 αὐτὴ
343 701 383 739 δὲ
411 700 586 746 σωθεῖσ’,
616 701 744 742 ἐλπίδ’
772 702 814 742 εὖ
840 701 1004 753 πράξειν
1029 702 1124 755 ἔχω·

219 767 423 807 -πολλοὶ
449 768 523 819 γὰρ
549 767 620 818 ἤδη
647 771 738 825 τῇδε
763 768 990 820 προύδοσαν
1017 769 1235 821 φίλους--

221 833 279 873 τίς
305 834 379 884 γὰρ
406 834 524 885 κόρην
549 834 692 886 ἔρημον
717 831 740 885 ἦ
768 834 929 887 δάμαρτ’
956 835 1076 889 ἔχειν,

221 895 243 948 ἦ
270 902 519 940 παιδοποιεῖν
545 898 592 950 ἐξ
615 903 708 952 ἐμοῦ
734 901 1002 952 βουλήσεται;

221 965 291 1005 οὐκ
318 967 386 1006 οὖν
412 969 545 1007 θανεῖν
571 967 729 1018 ἄμεινον
754 965 778 1018 ἦ
803 969 952 1010 τούτων
976 973 1111 1024 τυχεῖν
1390 983 1452 1014 525

222 1031 404 1083 &vag-“Cam
444 1032 549 1090 ἄλλῃ
575 1036 616 1075 δὲ
643 1034 713 1075 κᾶν
739 1034 881 1087 πρέποι
906 1036 982 1076 τινὶ

222 1102 378 1149 μᾶλλον
403 1100 499 1146 τάδ’,
526 1101 610 1151 ἥτις
635 1101 687 1152 μὴ
713 1101 898 1153 ’πίσημος
926 1103 976 1144 ὡς
1003 1103 1094 1154 ἐγώ.

289 1166 443 1218 ἡγεῖσθ’
470 1168 568 1208 ὅπου
594 1171 654 1209 δεῖ
677 1172 791 1220 σῶμα
819 1172 1025 1210 κατθανεῖν
1049 1170 1139 1210 τόδε

225 1233 287 1273 καὶ
314 1238 582 1285 στεμματοῦτε
608 1236 670 1277 καὶ
698 1235 948 1290 κατάρχεσθ’,
976 1237 1010 1277 εἰ
1035 1239 1153 1277 δοκεῖ·

224 1303 356 1341 νικᾶτε
381 1300 414 1341 δ’
442 1302 620 1355 ἐχθρούς·
659 1303 726 1353 ἥδε
753 1305 827 1355 γὰρ
852 1302 965 1358 ψυχὴ
992 1302 1097 1355 πάρα
1391 1317 1456 1348 530

224 1369 370 1407 ἑκοῦσα
397 1368 487 1408 κούκ
514 1368 676 1410 ἄκουσα·
716 1369 1042 1423 κάξαγγέλλομαι

225 1435 411 1491 θνῄσκειν
438 1435 624 1487 ἀδελφῶν
649 1439 771 1477 τῶνδε
799 1437 996 1487 κάμαυτῆς
1020 1437 1129 1489 ὕπερ.

225 1501 370 1552 εὕρημα
395 1501 470 1554 γάρ
495 1519 554 1542 τοι
578 1502 629 1554 μὴ
657 1503 933 1557 φιλοψυχοῦσ’
959 1504 1037 1556 ἐγὼ

227 1567 445 1609 κάλλιστον
471 1568 616 1621 ηὕρηκ’,
645 1568 811 1612 εὐκλεῶς
837 1573 969 1611 λιπεῖν
994 1571 1100 1621 βίον.

127 1637 198 1674 Xo.
226 1638 301 1686 φεῦ
327 1638 414 1687 φεῦ,
441 1636 480 1676 τί
503 1634 606 1686 λέξω
634 1635 828 1688 παρθένου
853 1635 979 1688 μέγαν
1004 1638 1127 1688 λόγον
1392 1649 1454 1680 535

226 1702 367 1749 κλύων,
395 1702 584 1755 ἀδελφῶν
610 1701 632 1752 ἢ
659 1702 781 1755 πάρος
808 1703 915 1744 θέλει
943 1706 1094 1749 θανεῖν;

226 1769 373 1809 τούτων
398 1770 456 1811 τίς
481 1769 529 1810 ἂν
553 1768 682 1820 λέξειε
708 1771 912 1822 γενναίους
937 1770 1084 1822 λόγους

225 1838 394 1886 μᾶλλον,
422 1836 480 1878 τίς
505 1835 552 1877 ἂν
578 1835 759 1888 δράσειεν
785 1837 1002 1889 ἀνθρώπων
1029 1836 1104 1883 ἕτι;

128 1905 182 1943 Io.
232 1901 261 1943 ὧ
287 1902 438 1949 τέκνον,
465 1903 533 1943 οὐκ
559 1902 642 1944 ἔστ’
667 1903 841 1944 ἄλλοθεν
866 1903 911 1944 τὸ
937 1902 1010 1944 σὸν
1038 1902 1147 1955 κάρα,

230 1969 322 2010 ἀλλ’
350 1968 396 2020 ἐξ
419 1971 570 2011 ἐκείνου
595 1969 753 2022 σπέρμα
776 1972 845 2021 τῆς
871 1971 978 2012 θείας
1004 1969 1149 2022 φρενὸς
1392 1981 1456 2012 540

229 2036 409 2090 πέφυκας
433 2036 683 2089 (Ηράκλειοφ
721 2036 800 2077 οὐδ’
826 2037 1068 2090 αἰσχύνομαι

227 2108 309 2147 τοῖς
335 2107 423 2146 σοῖς
446 2104 621 2157 λόγοισι,
648 2111 695 2162 τῇ
719 2105 819 2160 τύχῃ
846 2103 878 2144 δ’
904 2104 1136 2156 ἀλγύνομαι.

173 2208 234 2237 515
259 2198 429 2237 ἆλητεύσω
448 2199 661 2238 Stephanus:
688 2197 835 2236 ἀλητεύω
854 2196 880 2227 L
894 2196 920 2227 P
940 2196 1006 2235 ζὰλ.
1028 2196 1070 2231 P‘)
1181 2195 1253 2244 526.
1271 2195 1329 2226 κᾶν
1345 2193 1456 2236 πρέποι

130 2242 282 2281 Scaliger
306 2247 340 2273 et
366 2243 544 2282 Hartung:
579 2243 631 2274 καὶ
655 2241 766 2284 πρέπει
792 2240 857 2271 LP
1026 2250 1090 2279 529
1122 2239 1222 2270 lectio
1245 2242 1386 2275 mcerta,
1412 2237 1453 2268 cf.

131 2286 202 2316 Ion.
229 2297 240 2315 1
260 2296 266 2315 :
301 2297 363 2317 nec
386 2286 561 2328 κατάρχετ’
586 2295 648 2316 nec
673 2286 722 2318 κεῖ
745 2284 961 2325 κατάρχεσθαι
987 2286 1076 2316 δοκεῖ
1092 2283 1226 2323 (Paley)
1246 2281 1380 2322 placet:
1405 2282 1457 2334 καὶ

131 2329 259 2370 στέμμα
274 2330 372 2362 τοῦτό
387 2330 433 2370 γ’,
453 2333 480 2363 εἴ
497 2329 716 2370 κατάρχεσθαι
732 2328 875 2365 Verrall,
894 2328 932 2358 cl.
953 2338 1004 2358 vv.
1027 2337 1078 2366 71,
1096 2328 1157 2358 601
1302 2334 1366 2364 533
1390 2337 1457 2356 τοις

131 2374 172 2412 μὴ
191 2374 411 2415 φιλοψυχοῦσί
426 2386 465 2414 γε
485 2373 620 2412 Madvig
776 2383 836 2412 541
864 2373 1040 2412 Ἡρακλῆος
1057 2371 1153 2402 codd.
1175 2382 1181 2401 :
1206 2379 1290 2401 corr.
1308 2368 1458 2408 Elmsley

132 2416 337 2458 (Ἡράκλειον
353 2416 525 2456 Hartung‘
