1651 2780
631 128 980 166 ΕΎῬΙΠῙΔΟΎ

238 234 316 271 τῶν
339 232 411 282 μὲν
437 232 512 283 γὰρ
525 230 635 284 “Hpa
659 236 887 283 προστατεῖ,
917 231 1013 274 Διὸς
1039 231 1178 286 δάμαρ,

238 297 347 348 ἡμῶν
372 297 405 337 δ’
432 297 592 348 Ἀθηνᾶ.
665 299 766 350 φημὶ
792 298 824 338 δ’
851 300 905 340 εἷς
932 298 1143 351 εὐπραξίαν
1410 315 1471 346 350

241 364 302 404 καὶ
327 364 430 405 τοῦθ’
456 364 661 418 ὑπάρχειν,
690 367 789 406 θεῶν
814 366 1031 416 ἀμεινόνων
1056 370 1203 421 τυχεῖν·

240 430 432 482 νικωμένη
460 433 535 484 γὰρ
562 433 732 474 Παλλὰς
757 431 824 472 οὐκ
850 431 1043 484 ἀνέξεται.

142 552 216 590 Xo.
244 550 293 590 Εἰ
321 548 370 589 σὺ
394 547 482 601 μέγ’
509 549 657 603 αὐχεῖς,
686 549 812 602 ἕτεροι
1368 547 1471 604 [στρ.

310 619 383 656 σοῦ
407 615 532 657 πλέον
558 617 602 657 οὐ
625 615 827 667 μέλονται,

309 679 373 735 (ὦ)
399 681 493 733 ξεῖν’
518 682 709 736 Ἀργόθεν
736 684 876 730 ἐλθών,
1412 697 1474 729 355

375 752 706 803 μεγαληγορίαισι
732 750 765 790 δ’
792 752 887 802 ἐμὰς

442 816 590 869 φρένας
616 817 660 857 οὐ
686 816 901 870 φοβήσεις.

242 882 357 935 μήπω
383 888 466 925 ταῖς
490 883 732 936 μεγάλαισιν
757 885 820 925 οὕ-

242 967 295 991 τω
323 951 384 992 καὶ
412 951 666 1004 καλλιχόροις
692 950 809 1001 Ἀθή-

243 1034 327 1059 ιάις
354 1019 425 1068 εἴη·
465 1017 514 1065 σὺ
540 1016 572 1057 δ’
598 1017 749 1071 ἄφρων,
778 1018 800 1057 ὅ
823 1017 855 1058 τ’
877 1016 972 1071 ’Άρ-
1416 1021 1478 1063 360

311 1101 371 1136 γει
399 1084 596 1125 Σθενέλου
622 1084 823 1136 τύραννος.

245 1200 286 1243 ὃς
313 1201 431 1241 πόλιν
457 1201 585 1241 ἐλθὼν
611 1200 748 1254 ἑτέραν
1376 1197 1478 1255 [ἆντ.

312 1268 425 1308 οὐδὲν
451 1267 643 1308 ἐλάσσον’
664 1267 848 1320 ”Αργους,

313 1337 413 1376 θεῶν
441 1337 599 1386 ἱκτῆρας
625 1334 775 1377 ἀλάτας

380 1402 443 1442 καὶ
469 1403 562 1453 ἐμᾶς
587 1401 732 1455 χθονὸς
757 1401 993 1454 ἀντομένους
1418 1405 1478 1447 365

450 1467 562 1519 ξένος
588 1468 641 1509 ὣν
665 1470 809 1521 βιαίως

247 1536 387 1581 ἕλκεις,
415 1535 458 1576 οὐ
483 1539 726 1587 βασιλεῦσιν
751 1538 803 1577 ε’ί-

247 1602 328 1653 ξας,
357 1603 424 1642 οὐκ
450 1602 552 1642 ἄλλο
577 1604 726 1643 δίκαιον
752 1604 804 1643 εἶ-

247 1670 343 1711 πών·
381 1673 455 1709 ποῦ
478 1673 600 1710 ταῦτα
625 1673 754 1712 καλῶς
779 1669 826 1710 ἂν
853 1672 904 1711 εἵ-

316 1753 338 1787 η
365 1735 469 1789 παρά
494 1736 530 1789 γ’
556 1737 597 1777 εὖ
623 1740 858 1789 φρονοῦσιν;
1417 1747 1480 1779 370

252 1851 401 1906 Εἰρήνα
426 1855 498 1904 μὲν
524 1854 615 1904 ἐμοί
636 1853 671 1906 γ’
698 1853 787 1905 ἀρέ-
1347 1847 1479 1907 [ἐπῳδ.

251 1937 349 1960 σκει·
378 1921 429 1961 σὺ
454 1920 498 1967 δ’,
526 1918 555 1960 ὦ
583 1921 793 1973 κακόφρων
821 1919 932 1971 ἄναξ,

318 1986 439 2039 λέγω,
467 1988 500 2027 εἰ
526 1987 643 2027 πόλιν
670 1986 789 2038 ἥξεις,

252 2053 324 2107 οὐχ
350 2055 470 2096 οὕτως
496 2055 520 2095 ἃ
545 2057 670 2095 δοκεῖς
699 2053 811 2106 κυρή-

256 2138 353 2162 σεις·
392 2121 436 2161 οὐ
461 2122 525 2161 σοὶ
550 2122 658 2176 μόνῳ
685 2121 804 2174 ἔγχος
830 2120 907 2161 οὐδ’
1421 2133 1480 2165 375

199 2222 263 2252 350
294 2213 410 2252 Ἀθηνᾶ
436 2213 519 2244 LP:
554 2214 671 2245 Ἀθάνα
695 2213 835 2245 Porson.
886 2212 953 2243 Sed
984 2212 1023 2243 cs.
1055 2212 1104 2244 El.
1137 2222 1230 2252 1254,
1257 2213 1363 2253 Soph.
1394 2212 1479 2243 Phil.

158 2267 227 2296 134,
247 2259 297 2287 &c
409 2265 471 2295 355
496 2257 518 2288 ὦ
533 2258 606 2297 ξεῖν’
622 2256 776 2288 Erfurdt:
801 2257 874 2297 ξεῖν’
892 2256 917 2286 L
930 2256 956 2286 P
1040 2257 1208 2289 ἐπελθών]
1306 2265 1370 2296 359
1393 2256 1484 2289 Ἀθά·

155 2300 250 2333 ναιςί
414 2301 476 2339 364
503 2300 594 2341 θεῶν]
615 2300 759 2330 sortasse
778 2300 969 2337 delendum,
989 2300 1026 2330 cf.
1046 2311 1073 2331 v.
1094 2310 1157 2338 355
1262 2301 1323 2338 365
1350 2299 1483 2340 ἀντομέ-

157 2357 225 2376 νους
245 2342 364 2375 Nauck
380 2354 385 2373 τ
411 2343 646 2384 ἀντεχομένους
667 2344 691 2374 L
705 2344 729 2373 P
856 2354 919 2382 372
944 2344 993 2375 σοὶ
1012 2343 1138 2374 Canter
1267 2344 1428 2385 κακόφρον
1447 2341 1485 2372 1⁴²

155 2393 210 2419 aut
244 2388 278 2418 L¹
