1683 2732
684 105 937 141 ΚΎΚΛΩΨ

250 207 370 247 καλὸν
395 206 439 247 τὸ
464 210 579 258 πῶμα
604 205 705 247 δαιτὶ
731 205 827 257 πρὸς
854 212 954 263 καλῇ
979 207 1104 248 δίδως.

246 273 421 325 ἡσθέντα
446 273 478 314 δ’
504 272 621 314 αὐτὸν
644 273 695 315 ὡς
722 273 954 328 ἐπῃσθόμην
980 273 1070 325 ἐγώ,
1409 290 1474 320 420

247 340 376 391 ἄλλην
401 340 526 381 ἔδωκα
553 340 702 386 κύλικα,
731 339 965 391 γιγνώσκων
991 340 1049 380 ὅτι

247 407 391 459 τρώσει
417 423 477 448 νιν
503 408 607 448 οἶνος
634 407 697 447 καὶ
723 407 833 457 δίκην
859 406 978 447 δώσει
1001 406 1116 459 τάχα.

251 475 314 515 καὶ
341 473 386 525 δὴ
412 473 509 526 πρὸς
535 473 632 528 ᾠδὰς
659 472 771 526 εἷρπ’.
843 474 920 525 ἐγὼ
945 472 977 513 δ’
1005 472 1207 526 ἐπεγχέων

249 540 377 591 ἄλλην
403 540 463 581 ἐπ’
488 540 592 597 ἄλλῃ
620 539 825 593 σπλάγχν’
852 539 1082 593 ἐθέρμαινον
1107 544 1225 595 ποτῷ.

248 606 328 662 ᾄδει
354 609 395 648 δὲ
421 609 527 660 παρὰ
553 609 736 648 κλαίουσι
763 607 997 649 συνναύταις
1023 608 1129 658 ἐμοῖς
1414 621 1474 652 425

248 673 402 725 ἄμουσ’,
432 675 574 727 ἐπηχεῖ
597 673 629 714 δ’
655 673 808 726 ἄντρον.
881 673 1056 724 ἐξελθὼν
1083 673 1115 714 δ’
1144 674 1220 726 ἐγὼ

250 747 356 798 σιγῇ,
385 744 432 782 σὲ
458 745 590 782 σῶσαι
617 740 717 792 κᾶμ’,
747 742 815 781 ἐὰν
838 741 982 797 βούλῃ,
1012 740 1128 782 θέλω.

249 807 340 848 ἀλλ’
368 807 495 848 εἴπατ’
523 809 601 849 ε’ίτε
627 807 782 864 χρῄζετ’
810 807 880 848 εἴτ’
905 807 950 848 οὐ
974 808 1139 864 χρῄζετε

250 875 413 927 φεύγειν
439 874 622 926 ἄμεικτον
647 874 769 927 ἄνδρα
794 874 857 916 καὶ
883 875 930 914 τὰ
957 876 1129 928 Βακχίου

249 942 373 982 ναίειν
397 941 578 994 μέλαθρα
606 941 814 982 Δαναίδων
839 945 1002 994 νυμφῶν
1026 940 1135 992 μέτα.
1408 955 1474 985 430

249 1008 269 1047 ὁ
294 1010 367 1059 μὲν
391 1010 466 1061 γὰρ
493 1008 606 1049 ἔνδον
633 1008 704 1050 σὸς
729 1008 855 1060 πατὴρ
880 1007 962 1048 τάδ’
988 1007 1145 1064 ᾔνεσεν.

248 1074 340 1115 ἀλλ’
368 1075 540 1125 ἀσθενὴς
565 1077 640 1127 γὰρ
666 1075 982 1127 κᾶποκερδαίνων
1006 1078 1141 1121 ποτοῦ,

249 1142 383 1194 ὥσπερ
411 1141 506 1195 πρὸς
533 1140 598 1196 ἰξῷ
625 1147 671 1199 τῇ
696 1142 824 1182 κύλικι
848 1141 1096 1193 λελημμένος

249 1207 444 1260 πτέρυγας
470 1208 593 1249 ἀλύει·
633 1208 682 1248 σὺ
708 1207 966 1250 δέ-νεανίας
992 1210 1068 1261 γὰρ
1094 1208 1185 1249 εἶ-

251 1275 400 1325 σώθητι
423 1274 507 1325 μετ’
532 1276 627 1326 ἐμοῦ
653 1276 714 1315 καὶ
738 1274 808 1316 τὸν
832 1275 999 1328 ἀρχαῖον
1024 1276 1146 1326 φίλον
1414 1289 1476 1320 435

251 1341 450 1382 Διόνυσον
476 1340 661 1392 ἀνάλαβ’,
689 1341 733 1381 οὐ
759 1342 949 1382 Κύκλωπι
973 1343 1195 1394 προσφερῆ.

149 1411 219 1449 Χο.
247 1406 276 1448 ὦ
304 1408 476 1460 φίλτατ’,
505 1410 537 1449 εἰ
562 1410 636 1461 γὰρ
661 1407 768 1459 τήνδ’
793 1410 942 1459 ἴδοιμεν
967 1408 1127 1461 ἡμέραν,

251 1475 469 1518 Κύκλωπος
494 1476 735 1528 ἐκφυγόντες
761 1476 924 1516 ἀνόσιον
951 1475 1060 1528 κάρα.

250 1541 300 1584 ὡς
325 1543 388 1583 διὰ
411 1546 560 1594 μακροῦ
586 1560 631 1595 γε
657 1539 753 1583 Ῠτὸν
779 1544 939 1596 σίφωνα
965 1542 1032 1584 τὸν
1059 1543 1179 1595 φίλον

249 1609 610 1662 χηρεύομεν.-τὸν
636 1609 667 1649 δ’
693 1609 760 1650 οὐκ
787 1610 932 1664 ἔχομεν
959 1609 1040 1650 κατ’
1066 1609 1113 1650 αὗ
1139 1604 1323 1663 φαγεῖνῖΫ
1410 1623 1474 1654 440

147 1678 219 1716 Οδ.
247 1675 361 1717 ἄκουε
386 1675 432 1727 δή
458 1693 526 1717 νυν
551 1675 597 1727 ἢν
622 1676 701 1730 ἔχω
727 1678 914 1730 τιμωρίαν

249 1742 366 1796 θηρὸς
390 1744 612 1796 πανούργου
638 1746 712 1795 σῆς
736 1761 778 1784 τε
802 1744 981 1786 δουλείας
1007 1741 1151 1796 φυγήν.

147 1813 220 1850 Xo.
247 1809 347 1862 λέγ’,
376 1810 427 1853 ὡς
452 1809 640 1853 Ἀσιάδος
665 1810 733 1851 οὐκ
759 1810 806 1851 ἂν
831 1811 942 1862 ἥδιον
967 1811 1108 1863 ψόφον

248 1876 409 1930 κιθάρας
435 1877 621 1929 κλύοιμεν
645 1874 668 1929 ἢ
696 1877 880 1918 Κύκλωπ’
906 1878 1101 1918 ὀλωλότα.

145 1946 217 1984 Οδ.
248 1945 311 1985 ἐπὶ
338 1948 466 1996 κῶμον
492 1946 625 1998 ἕρπειν
651 1944 748 1998 πρὸς
773 1943 1034 1997 κασιγνήτους
1060 1943 1166 1985 θέλει
1410 1957 1474 1988 445

249 2012 468 2054 Κύκλωπας
493 2012 632 2063 ἡσθεὶς
656 2015 753 2067 τῷδε
780 2013 954 2066 Βακχίου
977 2015 1096 2066 ποτῷ.

189 2112 252 2143 419
283 2103 359 2144 πρὸς
381 2101 463 2140 καλή
485 2103 560 2145 (sic)
580 2113 748 2143 suprascr.
772 2103 810 2134 L¹
828 2114 834 2133 :
866 2104 941 2145 πρὸς
964 2103 1064 2134 καλὸν
1086 2101 1111 2132 L
1125 2101 1169 2133 P:
1203 2107 1378 2132 accentum
1403 2111 1472 2131 eor-

146 2147 234 2177 rexit
250 2146 263 2176 l
358 2156 421 2185 422
446 2147 527 2180 οἶνος
546 2147 572 2178 L
585 2147 611 2178 P
702 2157 764 2187 425
791 2148 858 2180 ἄδει
878 2147 932 2186 Lj)
952 2158 958 2177 ε
983 2147 1054 2186 ἄγει
1073 2145 1099 2175 Ρ
1189 2146 1247 2177 σὺν
1265 2145 1391 2177 ναύταις
1411 2144 1435 2174 L
1450 2144 1475 2173 P

146 2191 211 2227 426
235 2192 355 2231 ἐπηχεῖ
368 2190 518 2221 Barnes:
546 2191 662 2233 ἐπήχει
681 2191 747 2222 LP
922 2199 986 2229 430
1011 2188 1190 2230 Δαναΐδων]
1210 2189 1335 2221 Ναίδων
1349 2188 1474 2219 Casan-

146 2233 256 2264 bonus
405 2235 469 2274 436
502 2235 668 2272 ἀναλαβοῦ
693 2235 718 2265 L
733 2234 781 2264 P:
806 2244 891 2265 corr.
912 2242 1028 2273 apogr.
1052 2232 1157 2263 Paris.
1307 2242 1371 2271 439
1403 2241 1471 2262 sus.

147 2281 282 2316 pectum
302 2281 448 2318 σῖφωναι
472 2279 529 2310 τὸν
546 2278 644 2318 φίλον
662 2277 787 2319 σίφωνεί
802 2292 856 2317 μοι
875 2277 1051 2308 Hermann
1201 2285 1267 2313 440
1288 2276 1346 2307 τὸν
1364 2275 1390 2306 δ’
1410 2300 1416 2305 .
1437 2299 1442 2305 .
1466 2298 1472 2305 .

147 2320 218 2353 κατ’
247 2320 286 2352 αὖ
310 2324 428 2362 φαγεῖν
455 2321 595 2352 Nauck:
630 2322 716 2354 τόνδ’
744 2344 751 2352 .
780 2344 785 2351 .
812 2344 819 2353 ,
850 2322 1050 2360 καταφαγεῖν
1078 2319 1151 2349 LP.
1201 2319 1318 2349 Lectio
1347 2319 1474 2349 incerta

146 2373 209 2403 445
235 2363 390 2404 ἐπίκωμος
407 2364 600 2404 Wecklein,
620 2365 660 2396 cl.
678 2375 707 2395 ν.
726 2365 789 2403 508
880 2363 965 2403 ἕρπει
984 2362 1010 2394 Ρ
1304 2403 1340 2436 2*
