1651 2780
645 83 991 121 ΕΥΡΙΠΙΔΟΥ

256 189 318 229 καὶ
344 187 612 241 πεῖθ’-ἔχεις
638 189 679 228 δὲ
707 188 926 240 πρόφασιν·
965 187 1051 227 ἔστι
1076 187 1150 238 γὰρ
1175 185 1293 227 τέκνα
1422 198 1482 230 340

255 256 317 296 καὶ
342 254 572 310 τῷδε-τὴν
599 253 675 304 σὴν
700 253 795 293 ὥστ’
822 255 1040 305 ἐποικτῖραι
1065 253 1200 306 τύχην.

156 326 234 363 Πλ.
256 323 331 375 ὁρῶ
358 321 409 369 σ’,
436 321 648 368 Ὀδυσσεῦ,
676 320 809 372 δεξιὰν
833 320 903 373 ὑφ’
930 321 1087 372 εἵματος

255 390 473 442 κρύπτοντα
497 392 612 442 χεῖρα
638 388 701 428 καὶ
727 388 944 439 πρόσωπον
969 387 1140 438 ἔμπαλιν

255 455 495 509 στρέφοντα,
522 454 574 506 μή
601 472 674 495 σου
700 455 906 507 προσθίγω
932 452 1146 506 γενειάδος.

253 522 405 576 θάρσει·
444 521 648 574 πέφευγας
673 521 742 561 τὸν
770 520 865 571 ἐμὸν
890 520 1060 561 Ἱκέσιον
1088 520 1181 560 Δία·
1419 531 1482 564 345

254 590 305 631 ὡς
331 589 483 642 ἕψομαί
505 605 553 641 γε
577 591 645 628 τοῦ
669 587 701 627 τ’
728 588 943 640 ἀναγκαίου
967 586 1085 640 χάριν

253 660 387 698 θανεῖν
411 673 454 697 τε
478 654 680 712 χρῄζουσ’·
721 656 753 695 εἰ
779 656 820 695 δὲ
845 654 897 705 μὴ
923 652 1192 705 βουλήσομαι,

254 724 349 774 κακὴ
376 726 577 776 φανοῦμαι
603 722 664 762 καὶ
691 722 924 775 φιλόψυχος
949 720 1059 773 γυνή.

253 792 296 831 τί
318 789 393 843 γάρ
418 807 466 842 με
492 793 551 830 δεῖ
575 790 665 839 <sym
703 787 727 845 ᾗ
753 788 879 840 πατὴρ
903 790 976 839 μὲν
1002 787 1048 839 ἧν
1073 787 1176 838 ἄναξ

255 861 423 910 Φρυγῶν
448 854 646 897 ἁπάντων·
683 856 802 895 τοῦτό
825 872 893 906 μοι
918 859 1072 907 πρῶτον
1096 856 1202 906 βίου·
1423 866 1486 898 350

255 924 377 965 ἔπειτ’
403 924 600 976 ἐθρέφθην
627 923 801 963 ἐλπίδων
827 925 959 962 καλῶν
984 922 1060 962 ὕπο

252 995 473 1043 βασιλεῦσι
497 990 644 1042 νύμφη,
675 990 799 1039 ζῆλον
825 989 870 1029 οὐ
896 988 1062 1040 σμικρὸν
1087 986 1224 1041 γάμων

254 1057 404 1112 ἕχουσ’,
432 1058 524 1098 ὅτου
548 1055 643 1107 δῶμ’
672 1056 811 1096 ἑστίαν
835 1055 868 1095 τ’
895 1054 1100 1108 ἀφίξομαι·

254 1124 448 1166 δέσποινα
473 1124 504 1164 δ’
528 1124 551 1174 ἡ
579 1123 771 1173 δύστηνος
796 1122 1003 1162 Ἰδαίαισιν
1028 1120 1051 1171 ἦ

254 1191 408 1245 γυναιξὶ
433 1187 672 1242 Τπαρθένοις
697 1190 729 1229 τ’
755 1190 1015 1240 ἀπόβλεπτος
1038 1183 1184 1239 με’τα,’ἷ“
1424 1200 1486 1232 355

255 1260 323 1309 ἴση
349 1261 478 1299 θεοῖσι
502 1257 609 1308 πλὴν
633 1257 679 1296 τὸ
704 1259 910 1297 κατθανεῖν
934 1256 1070 1307 μόνον·

253 1329 322 1366 νῦν
348 1325 380 1365 δ’
407 1325 483 1376 εἰμὶ
510 1324 644 1374 δούλη.
717 1327 853 1375 πρῶτα
877 1322 949 1374 μέν
972 1340 1021 1374 με
1045 1322 1217 1374 τοῦνομα

255 1395 387 1433 θανεῖν
413 1393 505 1444 ἐρ’ἁν
529 1392 686 1441 τίθησιν
712 1390 781 1430 οὐκ
809 1389 946 1431 εἰωθὸς
969 1391 1027 1430 ὅν·

255 1459 376 1500 ἔπειτ’
401 1460 497 1500 ἴσως
522 1458 570 1499 ἂν
596 1461 802 1498 δεσποτῶν
828 1457 944 1508 ὠμῶν
969 1455 1119 1509 φρένας

254 1525 409 1579 τύχοιμ’
436 1525 496 1571 ἄν,
524 1526 634 1566 ὅστις
661 1524 830 1576 ἀργύρου
854 1523 894 1575 μ’
922 1522 1131 1573 ὠνήσεται,
1425 1525 1488 1566 360

254 1592 326 1642 τὴν
343 1591 539 1644 “Ex-5090}
563 1608 605 1631 τε
631 1590 809 1644 χὰτέρων
835 1594 1000 1631 πολλῶν
1026 1588 1154 1634 κάσιν,

255 1660 444 1711 προσθεὶς
468 1658 500 1698 δ’
526 1657 702 1710 ἀνάγκην
729 1657 936 1697 σιτοποιὸν
962 1658 1005 1697 ἐν
1030 1656 1177 1706 δόμοις,

256 1727 408 1778 σαίρειν
433 1742 476 1766 τε
500 1727 610 1775 δῶμα
637 1725 811 1776 κερκίσιν
836 1723 869 1763 τ’
896 1721 1117 1775 ἐφεστάναι

254 1795 410 1844 λυπρὰν
435 1792 613 1844 ἄγουσαν
638 1789 788 1842 ἡμέραν
811 1789 851 1841 μ’
878 1788 1108 1842 ἀναγκάσει·

253 1859 355 1913 λέχη
382 1861 423 1899 δὲ
448 1859 550 1910 τάμὰ
576 1861 715 1899 δοῦλος
740 1857 889 1908 ὠνητάς
915 1860 1036 1897 ποθεν
1424 1858 1486 1901 365

255 1929 406 1980 χρανεῖ,
433 1923 634 1977 τυράννων
661 1924 838 1976 πρόσθεν
861 1923 1071 1975 ἠξιωμένα.

255 1993 299 2033 οὐ
324 1992 421 2043 δῆτ’·
458 1991 599 2045 ἀφίημ’
625 1989 811 2043 ὀμμάτων
836 1990 1054 2043 ἐλευθέρων

255 2059 408 2112 φέγγος
431 2059 524 2105 τόδ’,
545 2058 664 2115 ’Ἅιδῃ
691 2057 938 2110 προστιθεῖσ’
966 2057 1061 2108 ἐμὸν
1086 2056 1217 2109 δέμας.

197 2163 262 2192 340
286 2151 337 2192 δὲ]
354 2152 417 2193 γὰρ
434 2151 528 2181 AVl
657 2160 732 2188 340,
749 2160 810 2189 341
837 2149 977 2181 distinxi
996 2155 1031 2180 ut
1048 2154 1072 2183 Σ
1206 2158 1269 2189 352
1291 2149 1404 2190 μικρὸν
1421 2147 1448 2178 L
1461 2147 1487 2178 P

153 2196 264 2237 ’γάμων
280 2195 311 2225 Α
326 2195 412 2226 LP:
436 2195 508 2232 βίου
526 2194 559 2225 Μ
572 2193 611 2224 V.
662 2193 712 2224 Cf.
734 2203 764 2223 v.
785 2202 850 2232 350
963 2202 1026 2231 354
1051 2192 1089 2230 ἦν
1107 2192 1204 2223 codd.
1320 2201 1384 2231 355
1407 2204 1486 2232 παρ-

155 2239 272 2271 θένοισι
290 2238 321 2268 V
459 2237 488 2269 τ’
506 2248 570 2268 orn.
590 2237 623 2268 M
637 2237 682 2268 L:
709 2237 785 2267 add.
809 2234 877 2266 M²3
902 2236 1062 2277 Παρθένον
1079 2235 1108 2267 τ’
1127 2236 1269 2274 Verrall,
1290 2235 1330 2265 cf.
1351 2245 1381 2266 v.
1403 2235 1486 2265 1008

156 2282 329 2324 (παρθένων
343 2282 371 2313 τ’
388 2279 583 2320 Kirchhoff)
675 2281 740 2320 356
758 2282 848 2323 θεῇσι
864 2279 924 2309 LP
935 2278 974 2309 1³2
992 2293 1030 2318 χοι
1044 2289 1210 2318 suprascr.
1228 2278 1279 2315 1³¹)
1371 2287 1436 2317 359
1451 2277 1485 2318 γ’

155 2326 246 2365 ὠμῶν
265 2326 291 2355 L
402 2327 466 2364 363
491 2324 662 2366 ἐφιστάναι
682 2325 708 2354 L
828 2325 890 2362 364
915 2323 1016 2364 ἡμέρα
1032 2323 1063 2360 μ’
1083 2322 1115 2352 Μ
1229 2323 1292 2361 367
1319 2321 1484 2362 ἐλεύθερον

156 2370 250 2400 codd.
272 2374 305 2399 et
322 2373 363 2402 Σ;
390 2379 474 2400 corr.
493 2368 674 2399 Blomfield
806 2367 870 2406 368
893 2379 945 2407 γρ.
964 2366 1031 2397 τόδ’
1049 2368 1109 2404 ἤδη
1129 2365 1172 2396 Μ’
