<?xml version="1.0" encoding="UTF-8"?>
<!DOCTYPE html PUBLIC "-//W3C//DTD XHTML 1.0 Transitional//EN"
    "http://www.w3.org/TR/xhtml1/DTD/xhtml1-transitional.dtd">
<html xmlns="http://www.w3.org/1999/xhtml" xml:lang="en" lang="en">
 <head>
  <title>
</title>
<meta http-equiv="Content-Type" content="text/html;charset=utf-8" />
  <meta name='ocr-system' content='tesseract 3.04.00' />
  <meta name='ocr-capabilities' content='ocr_page ocr_carea ocr_par ocr_line ocrx_word'/>
</head>
<body>
  <div class='ocr_page' id='page_1' title='image "./euripidisfabulae01euriuoft_0023.png"; bbox 0 0 1683 2732; ppageno 0'>
   <div class='ocr_carea' id='block_1_1' title="bbox 389 98 1180 140">
    <p class='ocr_par' dir='ltr' id='par_1_1' title="bbox 389 98 1180 140">
     <span class='ocr_line' id='line_1_1' title="bbox 389 98 1180 140; baseline -0.003 0"><span class='ocrx_word' id='word_1_1' title='bbox 389 98 704 140; x_wconf 90' lang='lat' dir='ltr'>CODICVM</span> <span class='ocrx_word' id='word_1_2' title='bbox 750 98 1180 139; x_wconf 77' lang='lat' dir='ltr'>CATALOGVS</span> 
     </span>
    </p>
   </div>
   <div class='ocr_carea' id='block_1_2' title="bbox 117 208 1464 1364">
    <p class='ocr_par' dir='ltr' id='par_1_2' title="bbox 121 208 1440 303">
     <span class='ocr_line' id='line_1_2' title="bbox 214 208 1440 253; baseline -0.001 -7"><span class='ocrx_word' id='word_1_3' title='bbox 214 211 392 246; x_wconf 85' lang='lat' dir='ltr'>Eiusdem</span> <span class='ocrx_word' id='word_1_4' title='bbox 418 223 474 245; x_wconf 87' lang='grc' dir='ltr'>νν.</span> <span class='ocrx_word' id='word_1_5' title='bbox 503 211 663 253; x_wconf 82' lang='grc'>367-379</span> <span class='ocrx_word' id='word_1_6' title='bbox 691 210 725 243; x_wconf 91' lang='lat' dir='ltr'>in</span> <span class='ocrx_word' id='word_1_7' title='bbox 753 209 966 252; x_wconf 79' lang='lat' dir='ltr'>anthologia</span> <span class='ocrx_word' id='word_1_8' title='bbox 997 208 1123 252; x_wconf 86' lang='lat' dir='ltr'>citati;</span> <span class='ocrx_word' id='word_1_9' title='bbox 1165 222 1257 244; x_wconf 81' lang='lat' dir='ltr'>saec.</span> <span class='ocrx_word' id='word_1_10' title='bbox 1285 219 1319 244; x_wconf 87' lang='lat' dir='ltr'>A.</span> <span class='ocrx_word' id='word_1_11' title='bbox 1333 219 1365 244; x_wconf 87' lang='lat' dir='ltr'>C.</span> <span class='ocrx_word' id='word_1_12' title='bbox 1394 211 1440 246; x_wconf 86' lang='lat' dir='ltr'>iii.</span> 
     </span>
     <span class='ocr_line' id='line_1_3' title="bbox 121 258 424 303; baseline 0 -11"><span class='ocrx_word' id='word_1_13' title='bbox 121 260 209 303; x_wconf 89' lang='lat' dir='ltr'>Pap.</span> <span class='ocrx_word' id='word_1_14' title='bbox 239 258 364 292; x_wconf 92' lang='lat' dir='ltr'>Hibeh</span> <span class='ocrx_word' id='word_1_15' title='bbox 392 266 424 300; x_wconf 93' lang='lat'>7.</span> 
     </span>
    </p>

    <p class='ocr_par' dir='ltr' id='par_1_3' title="bbox 119 303 1441 396">
     <span class='ocr_line' id='line_1_4' title="bbox 213 303 1441 349; baseline -0.002 -10"><span class='ocrx_word' id='word_1_16' title='bbox 213 304 429 349; x_wconf 82' lang='lat' dir='ltr'>Iphigeniae</span> <span class='ocrx_word' id='word_1_17' title='bbox 454 303 633 339; x_wconf 86' lang='lat' dir='ltr'>Tauricae</span> <span class='ocrx_word' id='word_1_18' title='bbox 660 314 716 337; x_wconf 79' lang='lat' dir='ltr'>vv,</span> <span class='ocrx_word' id='word_1_19' title='bbox 747 311 918 346; x_wconf 81' lang='lat'>174—191‚</span> <span class='ocrx_word' id='word_1_20' title='bbox 946 303 1120 347; x_wconf 78' lang='lat'>245-286,</span> <span class='ocrx_word' id='word_1_21' title='bbox 1150 304 1321 348; x_wconf 84' lang='lat'>581—595‚</span> <span class='ocrx_word' id='word_1_22' title='bbox 1349 304 1441 337; x_wconf 83' lang='lat'>600-</span> 
     </span>
     <span class='ocr_line' id='line_1_5' title="bbox 119 349 1261 396; baseline -0.003 -10"><span class='ocrx_word' id='word_1_23' title='bbox 119 352 200 396; x_wconf 84' lang='lat'>629‚</span> <span class='ocrx_word' id='word_1_24' title='bbox 219 352 425 395; x_wconf 87' lang='lat' dir='ltr'>fragmenta</span> <span class='ocrx_word' id='word_1_25' title='bbox 441 350 604 393; x_wconf 86' lang='lat' dir='ltr'>minuta;</span> <span class='ocrx_word' id='word_1_26' title='bbox 633 361 729 384; x_wconf 90' lang='lat' dir='ltr'>saec.</span> <span class='ocrx_word' id='word_1_27' title='bbox 747 358 829 384; x_wconf 89' lang='lat' dir='ltr'>A.C.</span> <span class='ocrx_word' id='word_1_28' title='bbox 849 349 896 384; x_wconf 84' lang='lat' dir='ltr'>iii.</span> <span class='ocrx_word' id='word_1_29' title='bbox 951 351 1040 394; x_wconf 88' lang='lat' dir='ltr'>Pap.</span> <span class='ocrx_word' id='word_1_30' title='bbox 1062 350 1186 383; x_wconf 87' lang='lat' dir='ltr'>Hibeh</span> <span class='ocrx_word' id='word_1_31' title='bbox 1207 360 1261 392; x_wconf 84' lang='lat'>24.</span> 
     </span>
    </p>

    <p class='ocr_par' dir='ltr' id='par_1_4' title="bbox 118 396 1441 487">
     <span class='ocr_line' id='line_1_6' title="bbox 215 396 1441 441; baseline -0.001 -9"><span class='ocrx_word' id='word_1_32' title='bbox 215 398 373 432; x_wconf 80' lang='lat' dir='ltr'><strong>Medeae</strong></span> <span class='ocrx_word' id='word_1_33' title='bbox 390 409 448 432; x_wconf 86' lang='grc' dir='ltr'>νν.</span> <span class='ocrx_word' id='word_1_34' title='bbox 467 405 579 441; x_wconf 83' lang='lat'>5-123</span> <span class='ocrx_word' id='word_1_35' title='bbox 608 408 703 431; x_wconf 89' lang='lat' dir='ltr'>saec.</span> <span class='ocrx_word' id='word_1_36' title='bbox 722 405 759 430; x_wconf 82' lang='lat' dir='ltr'>A.</span> <span class='ocrx_word' id='word_1_37' title='bbox 771 405 805 431; x_wconf 86' lang='lat' dir='ltr'>C.</span> <span class='ocrx_word' id='word_1_38' title='bbox 827 396 850 430; x_wconf 91' lang='lat' dir='ltr'>ii</span> <span class='ocrx_word' id='word_1_39' title='bbox 869 397 926 431; x_wconf 93' lang='lat' dir='ltr'>vel</span> <span class='ocrx_word' id='word_1_40' title='bbox 945 396 993 431; x_wconf 89' lang='lat' dir='ltr'>iii.</span> <span class='ocrx_word' id='word_1_41' title='bbox 1029 397 1119 441; x_wconf 86' lang='lat' dir='ltr'>Pap.</span> <span class='ocrx_word' id='word_1_42' title='bbox 1140 396 1268 430; x_wconf 88' lang='lat' dir='ltr'>Didot.</span> <span class='ocrx_word' id='word_1_43' title='bbox 1313 397 1441 431; x_wconf 81' lang='lat' dir='ltr'>Edidit</span> 
     </span>
     <span class='ocr_line' id='line_1_7' title="bbox 118 445 625 487; baseline -0.004 -8"><span class='ocrx_word' id='word_1_44' title='bbox 118 445 225 487; x_wconf 90' lang='lat' dir='ltr'>Weil,</span> <span class='ocrx_word' id='word_1_45' title='bbox 244 445 487 479; x_wconf 80' lang='lat' dir='ltr'>Monumenls</span> <span class='ocrx_word' id='word_1_46' title='bbox 506 445 625 478; x_wconf 74' lang='lat' dir='ltr'>Grecs.</span> 
     </span>
    </p>

    <p class='ocr_par' dir='ltr' id='par_1_5' title="bbox 119 489 1440 583">
     <span class='ocr_line' id='line_1_8' title="bbox 213 489 1440 534; baseline -0.002 -8"><span class='ocrx_word' id='word_1_47' title='bbox 213 491 391 526; x_wconf 86' lang='lat' dir='ltr'>Eiusdem</span> <span class='ocrx_word' id='word_1_48' title='bbox 414 502 471 524; x_wconf 91' lang='lat' dir='ltr'>vv.</span> <span class='ocrx_word' id='word_1_49' title='bbox 491 498 650 534; x_wconf 87' lang='lat'>710-715</span> <span class='ocrx_word' id='word_1_50' title='bbox 679 489 790 524; x_wconf 90' lang='lat' dir='ltr'>initiis</span> <span class='ocrx_word' id='word_1_51' title='bbox 817 496 853 524; x_wconf 85' lang='lat' dir='ltr'>et</span> <span class='ocrx_word' id='word_1_52' title='bbox 881 489 1013 524; x_wconf 91' lang='lat' dir='ltr'>finibus</span> <span class='ocrx_word' id='word_1_53' title='bbox 1040 489 1143 532; x_wconf 84' lang='lat' dir='ltr'>orbi;</span> <span class='ocrx_word' id='word_1_54' title='bbox 1181 500 1276 524; x_wconf 88' lang='lat' dir='ltr'>saec.</span> <span class='ocrx_word' id='word_1_55' title='bbox 1296 498 1327 524; x_wconf 88' lang='lat' dir='ltr'>P.</span> <span class='ocrx_word' id='word_1_56' title='bbox 1341 498 1373 525; x_wconf 90' lang='lat' dir='ltr'>C.</span> <span class='ocrx_word' id='word_1_57' title='bbox 1394 490 1440 524; x_wconf 90' lang='lat' dir='ltr'>iii.</span> 
     </span>
     <span class='ocr_line' id='line_1_9' title="bbox 119 538 535 583; baseline 0.002 -12"><span class='ocrx_word' id='word_1_58' title='bbox 119 540 207 583; x_wconf 87' lang='lat' dir='ltr'>Pap.</span> <span class='ocrx_word' id='word_1_59' title='bbox 227 538 436 583; x_wconf 81' lang='lat' dir='ltr'>Oxyrhync.</span> <span class='ocrx_word' id='word_1_60' title='bbox 453 545 535 581; x_wconf 84' lang='lat'>450.</span> 
     </span>
    </p>

    <p class='ocr_par' dir='ltr' id='par_1_6' title="bbox 120 583 1440 674">
     <span class='ocr_line' id='line_1_10' title="bbox 212 583 1440 628; baseline -0.002 -9"><span class='ocrx_word' id='word_1_61' title='bbox 212 584 355 620; x_wconf 90' lang='lat' dir='ltr'>Orestis</span> <span class='ocrx_word' id='word_1_62' title='bbox 376 595 433 618; x_wconf 92' lang='lat' dir='ltr'>vv.</span> <span class='ocrx_word' id='word_1_63' title='bbox 452 593 627 628; x_wconf 84' lang='lat'>339-343‚</span> <span class='ocrx_word' id='word_1_64' title='bbox 645 595 728 618; x_wconf 88' lang='lat' dir='ltr'>cum</span> <span class='ocrx_word' id='word_1_65' title='bbox 747 583 843 617; x_wconf 90' lang='lat' dir='ltr'>notis</span> <span class='ocrx_word' id='word_1_66' title='bbox 867 583 1030 623; x_wconf 81' lang='lat' dir='ltr'>musicis,</span> <span class='ocrx_word' id='word_1_67' title='bbox 1050 583 1147 616; x_wconf 84' lang='lat' dir='ltr'>circa</span> <span class='ocrx_word' id='word_1_68' title='bbox 1165 592 1200 616; x_wconf 87' lang='lat' dir='ltr'>A.</span> <span class='ocrx_word' id='word_1_69' title='bbox 1211 591 1248 615; x_wconf 90' lang='lat' dir='ltr'>D.</span> <span class='ocrx_word' id='word_1_70' title='bbox 1271 593 1299 616; x_wconf 92' lang='lat'>1.</span> <span class='ocrx_word' id='word_1_71' title='bbox 1352 584 1440 627; x_wconf 86' lang='lat' dir='ltr'>Pap.</span> 
     </span>
     <span class='ocr_line' id='line_1_11' title="bbox 120 629 964 674; baseline -0.002 -9"><span class='ocrx_word' id='word_1_72' title='bbox 120 631 266 666; x_wconf 84' lang='lat' dir='ltr'>Rainer.</span> <span class='ocrx_word' id='word_1_73' title='bbox 287 632 471 666; x_wconf 88' lang='lat' dir='ltr'>Inventar.</span> <span class='ocrx_word' id='word_1_74' title='bbox 491 633 594 674; x_wconf 78' lang='lat'>8029.</span> <span class='ocrx_word' id='word_1_75' title='bbox 646 629 836 673; x_wconf 87' lang='lat' dir='ltr'>(Mittheil.</span> <span class='ocrx_word' id='word_1_76' title='bbox 855 631 900 664; x_wconf 92' lang='lat' dir='ltr'>V.</span> <span class='ocrx_word' id='word_1_77' title='bbox 919 630 964 674; x_wconf 88' lang='lat'>3.)</span> 
     </span>
    </p>

    <p class='ocr_par' dir='ltr' id='par_1_7' title="bbox 117 675 1440 767">
     <span class='ocr_line' id='line_1_12' title="bbox 213 675 1440 721; baseline -0.002 -10"><span class='ocrx_word' id='word_1_78' title='bbox 213 677 355 712; x_wconf 88' lang='lat' dir='ltr'>Orestis</span> <span class='ocrx_word' id='word_1_79' title='bbox 373 688 429 711; x_wconf 90' lang='lat' dir='ltr'>vv.</span> <span class='ocrx_word' id='word_1_80' title='bbox 454 677 670 721; x_wconf 84' lang='lat'>1062—1090,</span> <span class='ocrx_word' id='word_1_81' title='bbox 690 688 785 711; x_wconf 86' lang='lat' dir='ltr'>saec.</span> <span class='ocrx_word' id='word_1_82' title='bbox 806 677 842 711; x_wconf 92' lang='lat' dir='ltr'>ii.</span> <span class='ocrx_word' id='word_1_83' title='bbox 888 677 976 721; x_wconf 84' lang='lat' dir='ltr'>Pap.</span> <span class='ocrx_word' id='word_1_84' title='bbox 997 678 1134 711; x_wconf 84' lang='lat' dir='ltr'>Cenev.</span> <span class='ocrx_word' id='word_1_85' title='bbox 1171 675 1330 720; x_wconf 88' lang='lat' dir='ltr'>(Nicole,</span> <span class='ocrx_word' id='word_1_86' title='bbox 1352 677 1440 710; x_wconf 73' lang='lat' dir='ltr'>Rev.</span> 
     </span>
     <span class='ocr_line' id='line_1_13' title="bbox 117 724 413 767; baseline 0.003 -10"><span class='ocrx_word' id='word_1_87' title='bbox 117 725 163 758; x_wconf 88' lang='lat' dir='ltr'>de</span> <span class='ocrx_word' id='word_1_88' title='bbox 183 725 275 758; x_wconf 86' lang='lat' dir='ltr'><strong>Phil.</strong></span> <span class='ocrx_word' id='word_1_89' title='bbox 292 724 413 767; x_wconf 88' lang='lat' dir='ltr'>XIX.)</span> 
     </span>
    </p>

    <p class='ocr_par' dir='ltr' id='par_1_8' title="bbox 117 769 1440 862">
     <span class='ocr_line' id='line_1_14' title="bbox 213 769 1440 813; baseline -0.002 -8"><span class='ocrx_word' id='word_1_90' title='bbox 213 770 495 805; x_wconf 86' lang='lat' dir='ltr'>Phoenissarum</span> <span class='ocrx_word' id='word_1_91' title='bbox 530 778 686 813; x_wconf 84' lang='lat'>1017—43</span> <span class='ocrx_word' id='word_1_92' title='bbox 719 776 754 804; x_wconf 91' lang='lat' dir='ltr'>et</span> <span class='ocrx_word' id='word_1_93' title='bbox 784 770 957 812; x_wconf 83' lang='lat'>1064—71,</span> <span class='ocrx_word' id='word_1_94' title='bbox 985 781 1080 804; x_wconf 89' lang='lat' dir='ltr'>saec.</span> <span class='ocrx_word' id='word_1_95' title='bbox 1110 769 1155 803; x_wconf 90' lang='lat' dir='ltr'>iii.</span> <span class='ocrx_word' id='word_1_96' title='bbox 1225 770 1313 813; x_wconf 84' lang='lat' dir='ltr'>Pap.</span> <span class='ocrx_word' id='word_1_97' title='bbox 1342 770 1440 813; x_wconf 75' lang='lat' dir='ltr'>Oxy-</span> 
     </span>
     <span class='ocr_line' id='line_1_15' title="bbox 117 817 404 862; baseline 0.004 -12"><span class='ocrx_word' id='word_1_98' title='bbox 117 818 243 862; x_wconf 90' lang='lat' dir='ltr'>rhync.</span> <span class='ocrx_word' id='word_1_99' title='bbox 270 817 404 852; x_wconf 80' lang='lat' dir='ltr'>ccxxiv.</span> 
     </span>
    </p>

    <p class='ocr_par' dir='ltr' id='par_1_9' title="bbox 117 861 1439 954">
     <span class='ocr_line' id='line_1_16' title="bbox 211 861 1439 908; baseline -0.002 -9"><span class='ocrx_word' id='word_1_100' title='bbox 211 864 325 899; x_wconf 84' lang='lat' dir='ltr'><strong>Rhesi</strong></span> <span class='ocrx_word' id='word_1_101' title='bbox 345 876 401 899; x_wconf 88' lang='lat' dir='ltr'>VV.</span> <span class='ocrx_word' id='word_1_102' title='bbox 419 866 486 906; x_wconf 85' lang='lat'>48—</span> <span class='ocrx_word' id='word_1_103' title='bbox 490 864 544 908; x_wconf 88' lang='lat'>96,</span> <span class='ocrx_word' id='word_1_104' title='bbox 565 875 660 898; x_wconf 87' lang='lat' dir='ltr'>saec.</span> <span class='ocrx_word' id='word_1_105' title='bbox 677 864 710 898; x_wconf 83' lang='lat' dir='ltr'>iv</span> <span class='ocrx_word' id='word_1_106' title='bbox 730 863 786 897; x_wconf 78' lang='lat' dir='ltr'>vel</span> <span class='ocrx_word' id='word_1_107' title='bbox 806 875 837 896; x_wconf 89' lang='lat' dir='ltr'>v.</span> <span class='ocrx_word' id='word_1_108' title='bbox 876 863 988 899; x_wconf 83' lang='lat' dir='ltr'>Paris.</span> <span class='ocrx_word' id='word_1_109' title='bbox 1010 862 1104 896; x_wconf 81' lang='lat' dir='ltr'>Bibl.</span> <span class='ocrx_word' id='word_1_110' title='bbox 1120 864 1208 897; x_wconf 88' lang='lat' dir='ltr'>Nat.</span> <span class='ocrx_word' id='word_1_111' title='bbox 1246 861 1439 906; x_wconf 77' lang='lat' dir='ltr'>(VVilcken,</span> 
     </span>
     <span class='ocr_line' id='line_1_17' title="bbox 117 910 619 963; baseline 0.004 -20"><span class='ocrx_word' id='word_1_112' title='bbox 117 910 619 963; x_wconf 65' lang='lat' dir='ltr'>Act.Acad.Berol„1887.)</span> 
     </span>
    </p>

    <p class='ocr_par' dir='ltr' id='par_1_10' title="bbox 119 955 1438 1049">
     <span class='ocr_line' id='line_1_18' title="bbox 214 955 1438 1001; baseline -0.002 -9"><span class='ocrx_word' id='word_1_113' title='bbox 214 957 377 993; x_wconf 87' lang='lat' dir='ltr'>Scironis</span> <span class='ocrx_word' id='word_1_114' title='bbox 392 957 596 1001; x_wconf 88' lang='lat' dir='ltr'>argumenti</span> <span class='ocrx_word' id='word_1_115' title='bbox 612 957 858 1000; x_wconf 86' lang='lat' dir='ltr'>fragmentum</span> <span class='ocrx_word' id='word_1_116' title='bbox 873 955 1179 997; x_wconf 80' lang='lat' dir='ltr'>minutissi1num3</span> <span class='ocrx_word' id='word_1_117' title='bbox 1201 967 1296 990; x_wconf 89' lang='lat' dir='ltr'>saec.</span> <span class='ocrx_word' id='word_1_118' title='bbox 1314 964 1346 989; x_wconf 90' lang='lat' dir='ltr'>P.</span> <span class='ocrx_word' id='word_1_119' title='bbox 1360 964 1391 990; x_wconf 89' lang='lat' dir='ltr'>C.</span> <span class='ocrx_word' id='word_1_120' title='bbox 1406 956 1438 989; x_wconf 86' lang='lat' dir='ltr'>vi</span> 
     </span>
     <span class='ocr_line' id='line_1_19' title="bbox 119 1003 750 1049; baseline 0 -12"><span class='ocrx_word' id='word_1_121' title='bbox 119 1004 175 1037; x_wconf 90' lang='lat' dir='ltr'>vel</span> <span class='ocrx_word' id='word_1_122' title='bbox 194 1003 254 1039; x_wconf 90' lang='lat' dir='ltr'>vii.</span> <span class='ocrx_word' id='word_1_123' title='bbox 306 1006 394 1049; x_wconf 91' lang='lat' dir='ltr'>Pap.</span> <span class='ocrx_word' id='word_1_124' title='bbox 413 1004 604 1047; x_wconf 86' lang='lat' dir='ltr'>Amherst,</span> <span class='ocrx_word' id='word_1_125' title='bbox 626 1005 674 1038; x_wconf 95' lang='lat' dir='ltr'>II.</span> <span class='ocrx_word' id='word_1_126' title='bbox 698 1011 750 1046; x_wconf 91' lang='lat'>17.</span> 
     </span>
    </p>

    <p class='ocr_par' dir='ltr' id='par_1_11' title="bbox 118 1049 1464 1188">
     <span class='ocr_line' id='line_1_20' title="bbox 213 1049 1464 1094; baseline -0.002 -9"><span class='ocrx_word' id='word_1_127' title='bbox 213 1050 358 1094; x_wconf 87' lang='lat' dir='ltr'>Quibus</span> <span class='ocrx_word' id='word_1_128' title='bbox 387 1051 526 1085; x_wconf 82' lang='lat' dir='ltr'><strong>addere</strong></span> <span class='ocrx_word' id='word_1_129' title='bbox 559 1050 643 1085; x_wconf 90' lang='lat' dir='ltr'>licet</span> <span class='ocrx_word' id='word_1_130' title='bbox 673 1050 857 1084; x_wconf 80' lang='lat' dir='ltr'>Tabulam</span> <span class='ocrx_word' id='word_1_131' title='bbox 888 1050 1052 1094; x_wconf 84' lang='lat' dir='ltr'>ligneam</span> <span class='ocrx_word' id='word_1_132' title='bbox 1084 1049 1436 1090; x_wconf 73' lang='lat' dir='ltr'>Vindobonensen1;</span> <span class='ocrx_word' id='word_1_133' title='bbox 1461 1074 1464 1076; x_wconf 30' lang='lat' dir='ltr'>v</span> 
     </span>
     <span class='ocr_line' id='line_1_21' title="bbox 120 1096 1439 1141; baseline -0.002 -11"><span class='ocrx_word' id='word_1_134' title='bbox 120 1096 406 1132; x_wconf 87' lang='lat' dir='ltr'>Phoenissarum</span> <span class='ocrx_word' id='word_1_135' title='bbox 431 1109 489 1133; x_wconf 80' lang='lat' dir='ltr'>vv.</span> <span class='ocrx_word' id='word_1_136' title='bbox 518 1105 722 1140; x_wconf 84' lang='lat'>1097-1107</span> <span class='ocrx_word' id='word_1_137' title='bbox 749 1103 785 1130; x_wconf 87' lang='lat' dir='ltr'>et</span> <span class='ocrx_word' id='word_1_138' title='bbox 816 1097 1035 1141; x_wconf 87' lang='lat'>1126—1137.</span> <span class='ocrx_word' id='word_1_139' title='bbox 1088 1097 1175 1140; x_wconf 83' lang='lat' dir='ltr'>Pap.</span> <span class='ocrx_word' id='word_1_140' title='bbox 1205 1096 1351 1129; x_wconf 86' lang='lat' dir='ltr'>Rainer.</span> <span class='ocrx_word' id='word_1_141' title='bbox 1382 1097 1439 1128; x_wconf 89' lang='lat' dir='ltr'>In-</span> 
     </span>
     <span class='ocr_line' id='line_1_22' title="bbox 118 1143 709 1188; baseline 0 -11"><span class='ocrx_word' id='word_1_142' title='bbox 118 1150 257 1178; x_wconf 85' lang='lat' dir='ltr'>ventar.</span> <span class='ocrx_word' id='word_1_143' title='bbox 278 1154 333 1188; x_wconf 83' lang='lat'>34.</span> <span class='ocrx_word' id='word_1_144' title='bbox 386 1143 576 1188; x_wconf 90' lang='lat' dir='ltr'>(Mittheil.</span> <span class='ocrx_word' id='word_1_145' title='bbox 596 1145 639 1179; x_wconf 92' lang='lat' dir='ltr'>V.</span> <span class='ocrx_word' id='word_1_146' title='bbox 659 1143 709 1186; x_wconf 86' lang='grc'>4.)</span> 
     </span>
    </p>

    <p class='ocr_par' dir='ltr' id='par_1_12' title="bbox 119 1188 1438 1328">
     <span class='ocr_line' id='line_1_23' title="bbox 214 1188 1438 1235; baseline -0.002 -11"><span class='ocrx_word' id='word_1_147' title='bbox 214 1192 453 1235; x_wconf 83' lang='lat' dir='ltr'>(Fragmenta</span> <span class='ocrx_word' id='word_1_148' title='bbox 468 1191 560 1225; x_wconf 89' lang='lat' dir='ltr'>haec</span> <span class='ocrx_word' id='word_1_149' title='bbox 578 1201 672 1235; x_wconf 86' lang='lat' dir='ltr'>quae</span> <span class='ocrx_word' id='word_1_150' title='bbox 690 1189 840 1224; x_wconf 90' lang='lat' dir='ltr'>nomine</span> <span class='ocrx_word' id='word_1_151' title='bbox 855 1189 922 1224; x_wconf 91' lang='lat' dir='ltr'>loci</span> <span class='ocrx_word' id='word_1_152' title='bbox 941 1190 1066 1225; x_wconf 87' lang='lat' dir='ltr'>Hibeh</span> <span class='ocrx_word' id='word_1_153' title='bbox 1081 1189 1263 1232; x_wconf 87' lang='lat' dir='ltr'>dicuntur,</span> <span class='ocrx_word' id='word_1_154' title='bbox 1275 1188 1438 1223; x_wconf 89' lang='lat' dir='ltr'>nondum</span> 
     </span>
     <span class='ocr_line' id='line_1_24' title="bbox 120 1235 1437 1280; baseline -0.002 -9"><span class='ocrx_word' id='word_1_155' title='bbox 120 1237 219 1272; x_wconf 88' lang='lat' dir='ltr'>edita</span> <span class='ocrx_word' id='word_1_156' title='bbox 238 1238 303 1272; x_wconf 88' lang='lat' dir='ltr'>sed</span> <span class='ocrx_word' id='word_1_157' title='bbox 322 1248 420 1272; x_wconf 85' lang='lat' dir='ltr'>anno</span> <span class='ocrx_word' id='word_1_158' title='bbox 444 1238 532 1280; x_wconf 86' lang='lat'>1906</span> <span class='ocrx_word' id='word_1_159' title='bbox 550 1237 704 1277; x_wconf 87' lang='lat' dir='ltr'>edenda,</span> <span class='ocrx_word' id='word_1_160' title='bbox 724 1248 787 1280; x_wconf 90' lang='lat' dir='ltr'>per</span> <span class='ocrx_word' id='word_1_161' title='bbox 805 1237 1004 1271; x_wconf 85' lang='lat' dir='ltr'>amicitiam</span> <span class='ocrx_word' id='word_1_162' title='bbox 1030 1236 1205 1271; x_wconf 81' lang='lat' dir='ltr'>Grenfelli</span> <span class='ocrx_word' id='word_1_163' title='bbox 1226 1235 1313 1269; x_wconf 87' lang='lat' dir='ltr'>mihi</span> <span class='ocrx_word' id='word_1_164' title='bbox 1338 1236 1437 1269; x_wconf 89' lang='lat' dir='ltr'>inno-</span> 
     </span>
     <span class='ocr_line' id='line_1_25' title="bbox 119 1284 290 1328; baseline 0 -11"><span class='ocrx_word' id='word_1_165' title='bbox 119 1284 290 1328; x_wconf 88' lang='lat' dir='ltr'>tuerunt.)</span> 
     </span>
    </p>

    <p class='ocr_par' dir='ltr' id='par_1_13' title="bbox 570 1332 983 1364">
     <span class='ocr_line' id='line_1_26' title="bbox 570 1332 983 1364; baseline -0.005 0"><span class='ocrx_word' id='word_1_166' title='bbox 570 1332 842 1364; x_wconf 81' lang='lat' dir='ltr'>DETERloREs</span> <span class='ocrx_word' id='word_1_167' title='bbox 871 1338 983 1364; x_wconf 78' lang='lat' dir='ltr'>LIBRI</span> 
     </span>
    </p>
   </div>
   <div class='ocr_carea' id='block_1_3' title="bbox 117 1387 1500 2506">
    <p class='ocr_par' dir='ltr' id='par_1_14' title="bbox 118 1387 1439 1656">
     <span class='ocr_line' id='line_1_27' title="bbox 215 1387 1438 1431; baseline -0.001 -9"><span class='ocrx_word' id='word_1_168' title='bbox 215 1388 258 1422; x_wconf 92' lang='grc' dir='ltr'>Ο.</span> <span class='ocrx_word' id='word_1_169' title='bbox 312 1387 579 1422; x_wconf 84' lang='lat' dir='ltr'>Laurentianus</span> <span class='ocrx_word' id='word_1_170' title='bbox 593 1387 683 1422; x_wconf 84' lang='lat' dir='ltr'>xxxi.</span> <span class='ocrx_word' id='word_1_171' title='bbox 702 1397 744 1422; x_wconf 96' lang='lat'>10</span> <span class='ocrx_word' id='word_1_172' title='bbox 760 1387 995 1431; x_wconf 83' lang='lat' dir='ltr'>(Kirchhoffii</span> <span class='ocrx_word' id='word_1_173' title='bbox 1011 1387 1058 1431; x_wconf 89' lang='lat' dir='ltr'>c),</span> <span class='ocrx_word' id='word_1_174' title='bbox 1073 1399 1165 1422; x_wconf 87' lang='lat' dir='ltr'>saec.</span> <span class='ocrx_word' id='word_1_175' title='bbox 1180 1388 1256 1429; x_wconf 82' lang='lat' dir='ltr'>xiv;</span> <span class='ocrx_word' id='word_1_176' title='bbox 1277 1387 1438 1421; x_wconf 91' lang='lat' dir='ltr'>continet</span> 
     </span>
     <span class='ocr_line' id='line_1_28' title="bbox 121 1434 1438 1479; baseline -0.001 -11"><span class='ocrx_word' id='word_1_177' title='bbox 121 1435 214 1469; x_wconf 84' lang='lat' dir='ltr'>Hec.</span> <span class='ocrx_word' id='word_1_178' title='bbox 242 1435 305 1469; x_wconf 90' lang='lat' dir='ltr'>Or.</span> <span class='ocrx_word' id='word_1_179' title='bbox 334 1435 434 1469; x_wconf 91' lang='lat' dir='ltr'>Med.</span> <span class='ocrx_word' id='word_1_180' title='bbox 463 1435 600 1469; x_wconf 88' lang='lat' dir='ltr'>Phoen.</span> <span class='ocrx_word' id='word_1_181' title='bbox 624 1435 703 1469; x_wconf 90' lang='lat' dir='ltr'>Alc.</span> <span class='ocrx_word' id='word_1_182' title='bbox 727 1435 844 1469; x_wconf 87' lang='lat' dir='ltr'>Andr.</span> <span class='ocrx_word' id='word_1_183' title='bbox 873 1434 961 1479; x_wconf 89' lang='lat' dir='ltr'>Hip.</span> <span class='ocrx_word' id='word_1_184' title='bbox 980 1435 1145 1469; x_wconf 84' lang='lat' dir='ltr'>Rhesum</span> <span class='ocrx_word' id='word_1_185' title='bbox 1173 1434 1208 1468; x_wconf 88' lang='lat' dir='ltr'>in</span> <span class='ocrx_word' id='word_1_186' title='bbox 1236 1434 1307 1468; x_wconf 88' lang='lat' dir='ltr'>fine</span> <span class='ocrx_word' id='word_1_187' title='bbox 1334 1434 1438 1467; x_wconf 90' lang='lat' dir='ltr'>muti-</span> 
     </span>
     <span class='ocr_line' id='line_1_29' title="bbox 118 1480 1438 1526; baseline 0 -11"><span class='ocrx_word' id='word_1_188' title='bbox 118 1482 190 1515; x_wconf 89' lang='lat' dir='ltr'>lam</span> <span class='ocrx_word' id='word_1_189' title='bbox 207 1494 213 1516; x_wconf 90' lang='lat'><strong>:</strong></span> <span class='ocrx_word' id='word_1_190' title='bbox 241 1482 336 1516; x_wconf 88' lang='lat' dir='ltr'>male</span> <span class='ocrx_word' id='word_1_191' title='bbox 355 1481 511 1526; x_wconf 83' lang='lat' dir='ltr'>scriptus</span> <span class='ocrx_word' id='word_1_192' title='bbox 530 1481 622 1516; x_wconf 93' lang='lat' dir='ltr'>liber</span> <span class='ocrx_word' id='word_1_193' title='bbox 639 1481 800 1526; x_wconf 87' lang='lat' dir='ltr'>vitioque</span> <span class='ocrx_word' id='word_1_194' title='bbox 815 1481 1017 1525; x_wconf 86' lang='lat' dir='ltr'>Byzantino</span> <span class='ocrx_word' id='word_1_195' title='bbox 1031 1480 1248 1525; x_wconf 84' lang='lat' dir='ltr'>gravissime</span> <span class='ocrx_word' id='word_1_196' title='bbox 1266 1480 1438 1521; x_wconf 86' lang='lat' dir='ltr'>affectus;</span> 
     </span>
     <span class='ocr_line' id='line_1_30' title="bbox 119 1527 1439 1573; baseline -0.002 -11"><span class='ocrx_word' id='word_1_197' title='bbox 119 1528 182 1562; x_wconf 87' lang='lat' dir='ltr'>sed</span> <span class='ocrx_word' id='word_1_198' title='bbox 202 1528 396 1563; x_wconf 89' lang='lat' dir='ltr'>Marciano</span> <span class='ocrx_word' id='word_1_199' title='bbox 414 1535 552 1563; x_wconf 88' lang='lat' dir='ltr'>textum</span> <span class='ocrx_word' id='word_1_200' title='bbox 569 1528 929 1573; x_wconf 84' lang='lat' dir='ltr'>adpropinquantem</span> <span class='ocrx_word' id='word_1_201' title='bbox 944 1529 1106 1573; x_wconf 83' lang='lat' dir='ltr'>praebet,</span> <span class='ocrx_word' id='word_1_202' title='bbox 1121 1527 1242 1572; x_wconf 86' lang='lat' dir='ltr'>itaque</span> <span class='ocrx_word' id='word_1_203' title='bbox 1262 1527 1297 1560; x_wconf 90' lang='lat' dir='ltr'>in</span> <span class='ocrx_word' id='word_1_204' title='bbox 1315 1528 1439 1561; x_wconf 80' lang='lat' dir='ltr'>Rheso</span> 
     </span>
     <span class='ocr_line' id='line_1_31' title="bbox 119 1574 1439 1620; baseline 0.001 -12"><span class='ocrx_word' id='word_1_205' title='bbox 119 1574 216 1609; x_wconf 87' lang='lat' dir='ltr'>utilis</span> <span class='ocrx_word' id='word_1_206' title='bbox 234 1581 289 1610; x_wconf 87' lang='lat' dir='ltr'>est</span> <span class='ocrx_word' id='word_1_207' title='bbox 306 1582 342 1610; x_wconf 90' lang='lat' dir='ltr'>et</span> <span class='ocrx_word' id='word_1_208' title='bbox 362 1575 399 1609; x_wconf 90' lang='lat' dir='ltr'>in</span> <span class='ocrx_word' id='word_1_209' title='bbox 419 1575 490 1610; x_wconf 88' lang='lat' dir='ltr'>fine</span> <span class='ocrx_word' id='word_1_210' title='bbox 510 1575 726 1620; x_wconf 89' lang='lat' dir='ltr'>Hippolyti;</span> <span class='ocrx_word' id='word_1_211' title='bbox 754 1575 867 1610; x_wconf 88' lang='lat' dir='ltr'>etiam</span> <span class='ocrx_word' id='word_1_212' title='bbox 886 1575 921 1608; x_wconf 90' lang='lat' dir='ltr'>in</span> <span class='ocrx_word' id='word_1_213' title='bbox 941 1575 1204 1608; x_wconf 83' lang='lat' dir='ltr'>Andromacha</span> <span class='ocrx_word' id='word_1_214' title='bbox 1228 1580 1261 1608; x_wconf 89' lang='lat' dir='ltr'>et</span> <span class='ocrx_word' id='word_1_215' title='bbox 1282 1575 1439 1609; x_wconf 88' lang='lat' dir='ltr'>Hecuba</span> 
     </span>
     <span class='ocr_line' id='line_1_32' title="bbox 119 1621 470 1656; baseline 0 0"><span class='ocrx_word' id='word_1_216' title='bbox 119 1622 234 1656; x_wconf 88' lang='lat' dir='ltr'>multa</span> <span class='ocrx_word' id='word_1_217' title='bbox 250 1633 294 1656; x_wconf 88' lang='lat' dir='ltr'>ex</span> <span class='ocrx_word' id='word_1_218' title='bbox 310 1633 355 1656; x_wconf 94' lang='lat' dir='ltr'>eo</span> <span class='ocrx_word' id='word_1_219' title='bbox 374 1621 470 1656; x_wconf 90' lang='lat' dir='ltr'>dedi.</span> 
     </span>
    </p>

    <p class='ocr_par' dir='ltr' id='par_1_15' title="bbox 117 1667 1438 1806">
     <span class='ocr_line' id='line_1_33' title="bbox 213 1667 1438 1712; baseline -0.002 -10"><span class='ocrx_word' id='word_1_220' title='bbox 213 1669 260 1702; x_wconf 92' lang='lat' dir='ltr'>D.</span> <span class='ocrx_word' id='word_1_221' title='bbox 313 1668 580 1703; x_wconf 83' lang='lat' dir='ltr'>Laurentianus</span> <span class='ocrx_word' id='word_1_222' title='bbox 600 1669 692 1703; x_wconf 79' lang='lat' dir='ltr'>xxxi.</span> <span class='ocrx_word' id='word_1_223' title='bbox 724 1677 762 1712; x_wconf 87' lang='lat'>15</span> <span class='ocrx_word' id='word_1_224' title='bbox 793 1667 1027 1711; x_wconf 84' lang='lat' dir='ltr'>(Kirchhoffii</span> <span class='ocrx_word' id='word_1_225' title='bbox 1047 1667 1098 1712; x_wconf 88' lang='lat' dir='ltr'>d),</span> <span class='ocrx_word' id='word_1_226' title='bbox 1119 1678 1214 1702; x_wconf 86' lang='lat' dir='ltr'>saec.</span> <span class='ocrx_word' id='word_1_227' title='bbox 1233 1667 1290 1701; x_wconf 77' lang='lat' dir='ltr'>xiv</span> <span class='ocrx_word' id='word_1_228' title='bbox 1308 1679 1315 1710; x_wconf 77' lang='grc' dir='ltr'><strong>ς</strong></span> <span class='ocrx_word' id='word_1_229' title='bbox 1352 1678 1438 1702; x_wconf 89' lang='lat' dir='ltr'>con-</span> 
     </span>
     <span class='ocr_line' id='line_1_34' title="bbox 117 1714 1437 1760; baseline -0.002 -11"><span class='ocrx_word' id='word_1_230' title='bbox 117 1715 208 1750; x_wconf 89' lang='lat' dir='ltr'>tinet</span> <span class='ocrx_word' id='word_1_231' title='bbox 239 1715 329 1760; x_wconf 89' lang='lat' dir='ltr'>Hip.</span> <span class='ocrx_word' id='word_1_232' title='bbox 356 1716 458 1750; x_wconf 91' lang='lat' dir='ltr'>Med.</span> <span class='ocrx_word' id='word_1_233' title='bbox 484 1717 563 1751; x_wconf 88' lang='lat' dir='ltr'>Alc.</span> <span class='ocrx_word' id='word_1_234' title='bbox 591 1716 706 1750; x_wconf 86' lang='lat' dir='ltr'>Andr.</span> <span class='ocrx_word' id='word_1_235' title='bbox 733 1727 815 1750; x_wconf 90' lang='lat' dir='ltr'>cum</span> <span class='ocrx_word' id='word_1_236' title='bbox 847 1715 1007 1750; x_wconf 85' lang='lat' dir='ltr'>scholiis.</span> <span class='ocrx_word' id='word_1_237' title='bbox 1059 1720 1083 1747; x_wconf 93' lang='grc' dir='ltr'>Γ</span> <span class='ocrx_word' id='word_1_238' title='bbox 1111 1721 1263 1749; x_wconf 88' lang='lat' dir='ltr'>vocatur</span> <span class='ocrx_word' id='word_1_239' title='bbox 1293 1714 1327 1747; x_wconf 90' lang='lat' dir='ltr'>in</span> <span class='ocrx_word' id='word_1_240' title='bbox 1359 1714 1437 1747; x_wconf 87' lang='lat' dir='ltr'>Ari-</span> 
     </span>
     <span class='ocr_line' id='line_1_35' title="bbox 119 1762 311 1806; baseline 0.01 -11"><span class='ocrx_word' id='word_1_241' title='bbox 119 1762 311 1806; x_wconf 88' lang='lat' dir='ltr'>stophane.</span> 
     </span>
    </p>

    <p class='ocr_par' dir='ltr' id='par_1_16' title="bbox 119 1807 1437 1945">
     <span class='ocr_line' id='line_1_36' title="bbox 212 1807 1436 1852; baseline -0.001 -10"><span class='ocrx_word' id='word_1_242' title='bbox 212 1810 253 1842; x_wconf 87' lang='lat' dir='ltr'>F.</span> <span class='ocrx_word' id='word_1_243' title='bbox 306 1809 521 1844; x_wconf 85' lang='lat' dir='ltr'>Marcianus</span> <span class='ocrx_word' id='word_1_244' title='bbox 571 1809 651 1852; x_wconf 85' lang='lat'>468,</span> <span class='ocrx_word' id='word_1_245' title='bbox 695 1821 789 1845; x_wconf 89' lang='lat' dir='ltr'>saec.</span> <span class='ocrx_word' id='word_1_246' title='bbox 831 1808 902 1851; x_wconf 81' lang='lat' dir='ltr'>xiv,</span> <span class='ocrx_word' id='word_1_247' title='bbox 945 1807 1231 1843; x_wconf 77' lang='lat' dir='ltr'>correctionibus</span> <span class='ocrx_word' id='word_1_248' title='bbox 1283 1807 1436 1842; x_wconf 89' lang='lat' dir='ltr'>infectus</span> 
     </span>
     <span class='ocr_line' id='line_1_37' title="bbox 119 1854 1437 1899; baseline -0.001 -11"><span class='ocrx_word' id='word_1_249' title='bbox 119 1855 341 1899; x_wconf 88' lang='lat' dir='ltr'>Byzantinis,</span> <span class='ocrx_word' id='word_1_250' title='bbox 360 1856 424 1890; x_wconf 89' lang='lat' dir='ltr'>sed</span> <span class='ocrx_word' id='word_1_251' title='bbox 447 1855 483 1889; x_wconf 91' lang='lat' dir='ltr'>in</span> <span class='ocrx_word' id='word_1_252' title='bbox 501 1856 725 1899; x_wconf 86' lang='lat' dir='ltr'>argumentis</span> <span class='ocrx_word' id='word_1_253' title='bbox 749 1863 783 1890; x_wconf 88' lang='lat' dir='ltr'>et</span> <span class='ocrx_word' id='word_1_254' title='bbox 808 1855 908 1889; x_wconf 88' lang='lat' dir='ltr'>initio</span> <span class='ocrx_word' id='word_1_255' title='bbox 935 1856 1093 1890; x_wconf 89' lang='lat' dir='ltr'>Medeae</span> <span class='ocrx_word' id='word_1_256' title='bbox 1112 1855 1184 1897; x_wconf 84' lang='lat' dir='ltr'>(VV.</span> <span class='ocrx_word' id='word_1_257' title='bbox 1208 1854 1311 1897; x_wconf 82' lang='lat'>1-41)</span> <span class='ocrx_word' id='word_1_258' title='bbox 1330 1854 1437 1888; x_wconf 85' lang='lat' dir='ltr'>utilis.</span> 
     </span>
     <span class='ocr_line' id='line_1_38' title="bbox 120 1902 1157 1945; baseline 0 -10"><span class='ocrx_word' id='word_1_259' title='bbox 120 1902 293 1936; x_wconf 88' lang='lat' dir='ltr'>Continet</span> <span class='ocrx_word' id='word_1_260' title='bbox 314 1903 408 1937; x_wconf 86' lang='lat' dir='ltr'>Hec.</span> <span class='ocrx_word' id='word_1_261' title='bbox 428 1903 491 1937; x_wconf 91' lang='lat' dir='ltr'>Or.</span> <span class='ocrx_word' id='word_1_262' title='bbox 512 1904 650 1937; x_wconf 89' lang='lat' dir='ltr'>Phoen.</span> <span class='ocrx_word' id='word_1_263' title='bbox 669 1909 704 1937; x_wconf 93' lang='lat' dir='ltr'>et</span> <span class='ocrx_word' id='word_1_264' title='bbox 725 1902 882 1937; x_wconf 85' lang='lat' dir='ltr'>Medeae</span> <span class='ocrx_word' id='word_1_265' title='bbox 900 1902 1157 1945; x_wconf 88' lang='lat' dir='ltr'>fragmentum.</span> 
     </span>
    </p>

    <p class='ocr_par' dir='ltr' id='par_1_17' title="bbox 119 1947 1438 2087">
     <span class='ocr_line' id='line_1_39' title="bbox 212 1947 1438 1993; baseline -0.002 -11"><span class='ocrx_word' id='word_1_266' title='bbox 212 1949 261 1982; x_wconf 93' lang='lat' dir='ltr'>N.</span> <span class='ocrx_word' id='word_1_267' title='bbox 314 1948 528 1983; x_wconf 86' lang='lat' dir='ltr'>Marcianus</span> <span class='ocrx_word' id='word_1_268' title='bbox 558 1958 640 1992; x_wconf 81' lang='lat'>470,</span> <span class='ocrx_word' id='word_1_269' title='bbox 668 1961 764 1984; x_wconf 86' lang='lat' dir='ltr'>saec.</span> <span class='ocrx_word' id='word_1_270' title='bbox 790 1960 857 1992; x_wconf 78' lang='lat' dir='ltr'>xv3</span> <span class='ocrx_word' id='word_1_271' title='bbox 898 1949 933 1982; x_wconf 90' lang='lat' dir='ltr'>in</span> <span class='ocrx_word' id='word_1_272' title='bbox 962 1948 1048 1993; x_wconf 92' lang='lat' dir='ltr'>Hip.</span> <span class='ocrx_word' id='word_1_273' title='bbox 1078 1948 1178 1982; x_wconf 90' lang='lat' dir='ltr'>Med.</span> <span class='ocrx_word' id='word_1_274' title='bbox 1204 1948 1295 1981; x_wconf 89' lang='lat' dir='ltr'>miro</span> <span class='ocrx_word' id='word_1_275' title='bbox 1326 1947 1438 1980; x_wconf 89' lang='lat' dir='ltr'>modo</span> 
     </span>
     <span class='ocr_line' id='line_1_40' title="bbox 119 1993 1436 2040; baseline -0.001 -12"><span class='ocrx_word' id='word_1_276' title='bbox 119 1995 212 2029; x_wconf 90' lang='lat' dir='ltr'>inter</span> <span class='ocrx_word' id='word_1_277' title='bbox 232 1997 270 2029; x_wconf 88' lang='lat' dir='ltr'>M</span> <span class='ocrx_word' id='word_1_278' title='bbox 291 2002 328 2030; x_wconf 89' lang='lat' dir='ltr'>et</span> <span class='ocrx_word' id='word_1_279' title='bbox 348 1996 377 2029; x_wconf 93' lang='lat' dir='ltr'>L</span> <span class='ocrx_word' id='word_1_280' title='bbox 394 1995 553 2038; x_wconf 88' lang='lat' dir='ltr'>vacillat,</span> <span class='ocrx_word' id='word_1_281' title='bbox 571 1995 734 2030; x_wconf 86' lang='lat' dir='ltr'>neutrius</span> <span class='ocrx_word' id='word_1_282' title='bbox 757 2002 881 2029; x_wconf 88' lang='lat' dir='ltr'>tamen</span> <span class='ocrx_word' id='word_1_283' title='bbox 908 2001 962 2029; x_wconf 84' lang='lat' dir='ltr'>est</span> <span class='ocrx_word' id='word_1_284' title='bbox 986 1995 1245 2040; x_wconf 81' lang='lat' dir='ltr'>apographus:</span> <span class='ocrx_word' id='word_1_285' title='bbox 1275 1993 1436 2028; x_wconf 88' lang='lat' dir='ltr'>continet</span> 
     </span>
     <span class='ocr_line' id='line_1_41' title="bbox 120 2041 1062 2087; baseline 0 -12"><span class='ocrx_word' id='word_1_286' title='bbox 120 2043 212 2076; x_wconf 92' lang='lat' dir='ltr'>Hec.</span> <span class='ocrx_word' id='word_1_287' title='bbox 233 2042 295 2076; x_wconf 93' lang='lat' dir='ltr'>Or.</span> <span class='ocrx_word' id='word_1_288' title='bbox 316 2041 453 2077; x_wconf 89' lang='lat' dir='ltr'>Phoen.</span> <span class='ocrx_word' id='word_1_289' title='bbox 472 2042 589 2077; x_wconf 91' lang='lat' dir='ltr'>Andr.</span> <span class='ocrx_word' id='word_1_290' title='bbox 611 2042 699 2087; x_wconf 89' lang='lat' dir='ltr'>Hip.</span> <span class='ocrx_word' id='word_1_291' title='bbox 718 2042 818 2076; x_wconf 88' lang='lat' dir='ltr'>Med.</span> <span class='ocrx_word' id='word_1_292' title='bbox 837 2054 893 2075; x_wconf 90' lang='lat' dir='ltr'>vv.</span> <span class='ocrx_word' id='word_1_293' title='bbox 915 2043 1062 2085; x_wconf 84' lang='lat'>1—1338.</span> 
     </span>
    </p>

    <p class='ocr_par' dir='ltr' id='par_1_18' title="bbox 118 2087 1437 2180">
     <span class='ocr_line' id='line_1_42' title="bbox 212 2087 1437 2133; baseline -0.002 -11"><span class='ocrx_word' id='word_1_294' title='bbox 212 2089 310 2133; x_wconf 90' lang='lat' dir='ltr'>Nap.</span> <span class='ocrx_word' id='word_1_295' title='bbox 359 2088 628 2133; x_wconf 89' lang='lat' dir='ltr'>Neapolitanus</span> <span class='ocrx_word' id='word_1_296' title='bbox 645 2089 681 2121; x_wconf 93' lang='lat' dir='ltr'>II</span> <span class='ocrx_word' id='word_1_297' title='bbox 698 2089 727 2122; x_wconf 87' lang='lat' dir='ltr'>F</span> <span class='ocrx_word' id='word_1_298' title='bbox 744 2098 800 2131; x_wconf 88' lang='lat'>41,</span> <span class='ocrx_word' id='word_1_299' title='bbox 816 2099 911 2122; x_wconf 87' lang='lat' dir='ltr'>saec.</span> <span class='ocrx_word' id='word_1_300' title='bbox 926 2087 983 2122; x_wconf 84' lang='lat' dir='ltr'>xiv</span> <span class='ocrx_word' id='word_1_301' title='bbox 998 2089 1053 2122; x_wconf 89' lang='lat' dir='ltr'>vel</span> <span class='ocrx_word' id='word_1_302' title='bbox 1069 2101 1125 2132; x_wconf 85' lang='lat' dir='ltr'>xv,</span> <span class='ocrx_word' id='word_1_303' title='bbox 1141 2088 1203 2133; x_wconf 85' lang='lat' dir='ltr'>qui</span> <span class='ocrx_word' id='word_1_304' title='bbox 1219 2087 1437 2122; x_wconf 88' lang='lat' dir='ltr'>scholiorum</span> 
     </span>
     <span class='ocr_line' id='line_1_43' title="bbox 118 2134 1026 2180; baseline 0.002 -13"><span class='ocrx_word' id='word_1_305' title='bbox 118 2134 153 2168; x_wconf 90' lang='lat' dir='ltr'>in</span> <span class='ocrx_word' id='word_1_306' title='bbox 174 2134 376 2180; x_wconf 86' lang='lat' dir='ltr'>Hippolyto</span> <span class='ocrx_word' id='word_1_307' title='bbox 394 2135 572 2179; x_wconf 87' lang='lat' dir='ltr'>optimam</span> <span class='ocrx_word' id='word_1_308' title='bbox 590 2135 845 2169; x_wconf 89' lang='lat' dir='ltr'>recensionem</span> <span class='ocrx_word' id='word_1_309' title='bbox 863 2135 1026 2179; x_wconf 86' lang='lat' dir='ltr'>praebet.</span> 
     </span>
    </p>

    <p class='ocr_par' dir='ltr' id='par_1_19' title="bbox 117 2180 1436 2320">
     <span class='ocr_line' id='line_1_44' title="bbox 213 2180 1436 2226; baseline -0.001 -10"><span class='ocrx_word' id='word_1_310' title='bbox 213 2182 335 2217; x_wconf 88' lang='lat' dir='ltr'>Haun.</span> <span class='ocrx_word' id='word_1_311' title='bbox 387 2181 614 2216; x_wconf 87' lang='lat' dir='ltr'>Hauniensis</span> <span class='ocrx_word' id='word_1_312' title='bbox 640 2190 707 2224; x_wconf 89' lang='lat'>417</span> <span class='ocrx_word' id='word_1_313' title='bbox 729 2181 963 2226; x_wconf 88' lang='lat' dir='ltr'>(Kirchhoffii</span> <span class='ocrx_word' id='word_1_314' title='bbox 984 2181 1042 2224; x_wconf 84' lang='lat' dir='ltr'>C),</span> <span class='ocrx_word' id='word_1_315' title='bbox 1063 2193 1157 2216; x_wconf 84' lang='lat' dir='ltr'>saec.</span> <span class='ocrx_word' id='word_1_316' title='bbox 1177 2194 1232 2222; x_wconf 72' lang='lat' dir='ltr'>XV,</span> <span class='ocrx_word' id='word_1_317' title='bbox 1253 2180 1436 2215; x_wconf 86' lang='lat' dir='ltr'>Vaticano</span> 
     </span>
     <span class='ocr_line' id='line_1_45' title="bbox 117 2227 1434 2273; baseline -0.001 -12"><span class='ocrx_word' id='word_1_318' title='bbox 117 2227 247 2262; x_wconf 90' lang='lat' dir='ltr'>similis</span> <span class='ocrx_word' id='word_1_319' title='bbox 275 2227 499 2273; x_wconf 90' lang='lat' dir='ltr'>easdemque</span> <span class='ocrx_word' id='word_1_320' title='bbox 523 2227 665 2262; x_wconf 84' lang='lat' dir='ltr'>fabulas</span> <span class='ocrx_word' id='word_1_321' title='bbox 700 2227 890 2262; x_wconf 88' lang='lat' dir='ltr'>continens</span> <span class='ocrx_word' id='word_1_322' title='bbox 926 2228 990 2261; x_wconf 89' lang='lat' dir='ltr'>sed</span> <span class='ocrx_word' id='word_1_323' title='bbox 1022 2228 1294 2262; x_wconf 87' lang='lat' dir='ltr'>contaminatus</span> <span class='ocrx_word' id='word_1_324' title='bbox 1326 2228 1434 2262; x_wconf 83' lang='lat' dir='ltr'>inter-</span> 
     </span>
     <span class='ocr_line' id='line_1_46' title="bbox 117 2275 345 2320; baseline 0.004 -12"><span class='ocrx_word' id='word_1_325' title='bbox 117 2275 345 2320; x_wconf 87' lang='lat' dir='ltr'>polatusque.</span> 
     </span>
    </p>

    <p class='ocr_par' dir='ltr' id='par_1_20' title="bbox 117 2320 1500 2403">
     <span class='ocr_line' id='line_1_47' title="bbox 213 2320 1500 2366; baseline -0.002 -10"><span class='ocrx_word' id='word_1_326' title='bbox 213 2322 436 2356; x_wconf 86' lang='lat' dir='ltr'>Harleianus</span> <span class='ocrx_word' id='word_1_327' title='bbox 471 2329 573 2366; x_wconf 84' lang='lat'>5743,</span> <span class='ocrx_word' id='word_1_328' title='bbox 603 2321 886 2364; x_wconf 87' lang='lat' dir='ltr'>recentissimus,</span> <span class='ocrx_word' id='word_1_329' title='bbox 917 2320 1079 2356; x_wconf 87' lang='lat' dir='ltr'>continet</span> <span class='ocrx_word' id='word_1_330' title='bbox 1107 2321 1305 2356; x_wconf 80' lang='lat' dir='ltr'>Alcestidis</span> <span class='ocrx_word' id='word_1_331' title='bbox 1339 2321 1435 2363; x_wconf 63' lang='lat' dir='ltr'>fraw-</span> <span class='ocrx_word' id='word_1_332' title='bbox 1497 2323 1500 2326; x_wconf 88' lang='lat'>&#39;</span> 
     </span>
     <span class='ocr_line' id='line_1_48' title="bbox 117 2368 528 2412; baseline 0.005 -11"><span class='ocrx_word' id='word_1_333' title='bbox 117 2374 293 2412; x_wconf 86' lang='lat' dir='ltr'>mentum,</span> <span class='ocrx_word' id='word_1_334' title='bbox 313 2368 425 2402; x_wconf 88' lang='lat' dir='ltr'>Rhes.</span> <span class='ocrx_word' id='word_1_335' title='bbox 443 2369 528 2403; x_wconf 90' lang='lat' dir='ltr'>Tro.</span> 
     </span>
    </p>

    <p class='ocr_par' dir='ltr' id='par_1_21' title="bbox 214 2396 1344 2459">
     <span class='ocr_line' id='line_1_49' title="bbox 214 2396 1344 2459; baseline -0.001 -11"><span class='ocrx_word' id='word_1_336' title='bbox 214 2396 366 2448; x_wconf 85' lang='lat' dir='ltr'>Parisini</span> <span class='ocrx_word' id='word_1_337' title='bbox 385 2416 499 2457; x_wconf 86' lang='lat'>2887—</span> <span class='ocrx_word' id='word_1_338' title='bbox 477 2416 593 2450; x_wconf 85' lang='lat'>-2888</span> <span class='ocrx_word' id='word_1_339' title='bbox 611 2422 646 2450; x_wconf 93' lang='lat' dir='ltr'>et</span> <span class='ocrx_word' id='word_1_340' title='bbox 665 2417 768 2458; x_wconf 87' lang='lat'>2817,</span> <span class='ocrx_word' id='word_1_341' title='bbox 786 2416 975 2459; x_wconf 86' lang='lat' dir='ltr'>apograph</span> <span class='ocrx_word' id='word_1_342' title='bbox 980 2428 1000 2449; x_wconf 79' lang='grc' dir='ltr'>ι</span> <span class='ocrx_word' id='word_1_343' title='bbox 1018 2417 1129 2450; x_wconf 87' lang='lat' dir='ltr'>ambo</span> <span class='ocrx_word' id='word_1_344' title='bbox 1148 2414 1283 2449; x_wconf 85' lang='lat' dir='ltr'>codicis</span> <span class='ocrx_word' id='word_1_345' title='bbox 1306 2416 1344 2447; x_wconf 93' lang='lat' dir='ltr'>L</span> 
     </span>
    </p>

    <p class='ocr_par' dir='ltr' id='par_1_22' title="bbox 212 2460 965 2506">
     <span class='ocr_line' id='line_1_50' title="bbox 212 2460 965 2506; baseline 0.001 -12"><span class='ocrx_word' id='word_1_346' title='bbox 212 2460 401 2505; x_wconf 78' lang='lat' dir='ltr'>Byzantini</span> <span class='ocrx_word' id='word_1_347' title='bbox 421 2462 589 2496; x_wconf 82' lang='lat' dir='ltr'>codices:</span> <span class='ocrx_word' id='word_1_348' title='bbox 619 2462 690 2498; x_wconf 81' lang='lat' dir='ltr'>vid.</span> <span class='ocrx_word' id='word_1_349' title='bbox 713 2473 823 2506; x_wconf 86' lang='lat' dir='ltr'>supra</span> <span class='ocrx_word' id='word_1_350' title='bbox 842 2473 876 2506; x_wconf 91' lang='lat' dir='ltr'>p.</span> <span class='ocrx_word' id='word_1_351' title='bbox 896 2462 965 2495; x_wconf 92' lang='lat' dir='ltr'>viii</span> 
     </span>
    </p>
   </div>
  </div>
 </body>
</html>
