1683 2732
604 101 1002 139 ΑΝΔΡΟΜΑΧΗ

245 202 394 246 ἄλλους
419 205 458 245 ἐς
483 205 624 250 οἴκους,
651 204 703 255 μὴ
729 204 827 261 θάνῃ
853 205 1098 257 φοβουμένη.

247 270 268 309 ὁ
291 271 367 321 γὰρ
392 271 592 322 φυτεύσας
617 270 734 311 αὐτὸν
760 271 839 311 οὔτ’
865 271 950 322 ἐμοὶ
975 271 1080 324 πάρα

244 338 575 388 προσωφελῆσαι,
602 338 716 378 παιδί
736 336 769 377 τ’
794 337 907 378 οὐδέν
934 337 1030 384 ἐστ’,
1057 338 1166 379 ἀπὼν
1427 353 1469 385 50

245 406 422 454 Δελφῶν
449 402 529 442 κατ’
555 402 657 449 α’ἵαν,
685 403 779 444 ἔνθα
803 403 928 458 Λοξίᾳ
952 405 1064 455 δίκην

244 470 383 509 δίδωσι
406 470 559 520 μανίας,
586 468 609 526 ᾗ
633 469 718 510 ποτ’
744 471 798 512 εἰς
826 472 944 511 Πυθὼ
969 472 1105 522 μολὼν

240 534 364 591 ᾔτησε
390 538 547 587 Φοῖβον
571 536 717 589 πατρὸς
741 537 785 577 οὗ
812 539 953 578 κτείνει
977 539 1100 588 δίκην,

241 603 278 642 εἴ
299 619 381 645 πως
405 604 453 642 τὰ
478 602 629 655 πρόσθε
654 603 860 656 σφάλματ’
887 604 1161 655 ἐξαιτούμενος

241 668 333 709 θεὸν
356 668 593 722 παράσχοιτ’
623 672 676 711 εἰς
701 670 744 710 τὸ
769 670 912 711 λοιπὸν
938 671 1091 722 εὐμενῆ.
1426 686 1465 717 55

141 755 447 784 ΘΕΡΑΠΑῙΝΑ

239 814 552 868 δέσποιν’-ἐγώ
579 832 639 856 τοι
664 817 821 867 τοῦνομ’
847 817 891 857 οὐ
916 817 1051 869 φεύγω
1077 817 1167 857 τόδε

240 886 374 922 καλεῖν
400 882 452 928 σ’,
481 883 641 934 ἐπείπερ
668 885 729 924 καὶ
755 883 835 923 κατ’
862 884 969 924 οἶκον
995 883 1129 934 ἠξίουν

237 949 305 988 τὸν
331 950 416 996 σόν,
443 948 487 988 τὸ
511 950 656 1001 Τροίας
680 950 778 1000 ἡνίκ’
805 950 975 1004 ᾠκοῦμεν
999 949 1131 995 πέδον,

239 1015 370 1056 εὔνους
395 1018 437 1056 δὲ
464 1016 526 1055 καὶ
552 1017 616 1056 σοὶ
645 1017 759 1065 ζῶντί
781 1016 814 1055 τ’
841 1016 864 1067 ἦ
887 1021 940 1071 τῷ
966 1021 1025 1071 σῷ
1051 1017 1180 1062 πόσει,

238 1082 301 1121 καὶ
324 1085 392 1122 νῦν
418 1081 597 1133 φέρουσά
623 1100 687 1122 σοι
713 1082 823 1125 νέους
847 1083 926 1133 ἥκω
951 1083 1108 1135 λόγους,
1421 1088 1462 1118 60

238 1148 356 1202 φόβῳ
382 1147 467 1198 μέν,
496 1150 532 1188 εἴ
553 1165 610 1190 τις
636 1152 840 1190 δεσποτῶν
866 1149 1115 1199 αἰσθήσεται,

237 1216 350 1269 οἴκτῳ
377 1216 418 1255 δὲ
442 1219 495 1270 τῷ
523 1219 594 1270 σῷ·
632 1218 739 1256 δεινὰ
763 1218 838 1268 γὰρ
862 1216 1098 1267 βουλεύεται

236 1280 446 1323 Μενέλαος
471 1283 525 1324 εἷς
551 1284 598 1322 σὲ
624 1287 714 1324 παῖς
739 1282 785 1328 θ’,
814 1283 838 1323 ἅ
863 1300 928 1323 σοι
954 1282 1170 1336 φυλακτέα.

137 1350 204 1388 Αν.
235 1346 264 1387 ὦ
290 1345 461 1400 φιλτάτη
489 1349 961 1392 σύνδουλε-σύνδουλος
986 1351 1060 1402 γὰρ
1085 1350 1124 1390 εἶ

234 1420 281 1471 τῇ
305 1415 446 1466 πρόσθ’
472 1414 631 1472 ἀνάσσῃ
656 1419 759 1473 τῇδε,
787 1420 856 1457 νῦν
880 1419 921 1457 δὲ
948 1419 1194 1470 δυστυχεΐ-
1420 1422 1458 1460 65

234 1482 274 1521 τί
295 1484 437 1533 δρ(ῧσι;
476 1478 589 1524 ποίας
612 1485 792 1536 μηχανὰς
816 1483 1033 1524 πλέκουσιν
1058 1483 1118 1530 αὖ,

236 1552 381 1589 κτεῖναι
405 1548 588 1591 θέλοντες
612 1550 684 1599 τὴν
708 1551 930 1590 παναθλίαν
956 1549 1042 1601 ἐμέ,-

135 1616 207 1655 Θε.
234 1615 302 1655 τὸν
326 1614 446 1657 παῖδά
469 1633 543 1657 σου
566 1616 799 1667 μέλλουσιν,
827 1615 856 1657 ὦ
882 1617 1050 1667 δύστηνε
1076 1618 1139 1663 σύ,

234 1683 411 1729 κτείνειν,
439 1682 483 1723 ὃν
508 1682 582 1733 ἔξω
608 1682 795 1734 δωμάτων
820 1683 1021 1735 ὑπεξέθου.

134 1752 204 1789 Αν.
232 1750 349 1800 οἴμοι·
388 1749 585 1791 πέπυσται
609 1750 677 1790 τὸν
704 1750 796 1801 ἐμὸν
822 1750 979 1791 ἕκθετον
1004 1751 1142 1803 γόνον;
1417 1762 1457 1793 70

232 1817 354 1857 πόθεν
379 1816 484 1863 ποτ’,·
523 1816 551 1857 ὦ
577 1817 781 1867 δύστηνος,
809 1817 860 1858 ὡς
886 1818 1115 1868 ἀπωλόμην.

134 1884 205 1923 Θε.
233 1883 300 1923 οὐκ
326 1882 412 1929 οἶδ’,
441 1884 600 1924 ἐκείνων
625 1883 659 1923 δ’
684 1884 860 1940 ᾐσθόμην
887 1885 964 1936 ἐγὼ
988 1882 1091 1924 τάδε·

234 1952 403 2002 φροῦδος
428 1949 460 1990 δ’
487 1950 547 1990 ἐπ’
573 1950 690 1991 αὐτὸν
715 1949 929 1992 Μενέλεως
954 1951 1082 2002 δόμων
1107 1950 1196 1991 ἄπο.

175 2050 216 2079 52
240 2039 262 2084 ᾗ
277 2041 422 2073 Reiske:
449 2042 488 2080 ἢν
504 2042 600 2072 codd<
616 2046 649 2072 et
662 2046 685 2076 Σ
774 2043 845 2074 ποτ’
859 2042 890 2072 Α
902 2042 942 2072 V²
954 2043 999 2072 L:
1026 2042 1095 2074 τότ’
1110 2041 1181 2072 rell.
1273 2051 1315 2081 53
1339 2042 1455 2074 κτείνει

130 2083 247 2116 Ambr.
275 2084 388 2115 MVB
403 2085 482 2118 Lx:
517 2086 598 2117 τίνει
622 2085 691 2115 ΑΡ
713 2099 765 2127 γρ.
791 2090 814 2119 Σ
832 2097 838 2115 :
870 2086 981 2117 ’κτίνει
1009 2085 1091 2116 Db:
1123 2086 1253 2117 ’κτίνειν
1279 2086 1455 2116 Hermann

132 2127 304 2167 (οὑκτίνειν
324 2143 349 2153 =
368 2130 397 2160 οἱ
414 2129 551 2160 ἐκτίνειν
569 2129 738 2168 Badham)
894 2139 934 2168 57
961 2130 990 2160 ‹r’
1009 2140 1073 2159 om.
1097 2129 1122 2159 L
1277 2130 1320 2168 58
1342 2130 1380 2160 τὸ
1398 2130 1456 2160 σὺν

130 2183 180 2212 γρ.
200 2176 224 2205 Σ
247 2172 298 2210 (et
322 2172 475 2210 primitus
500 2172 545 2211 A)
723 2183 764 2212 59
793 2173 820 2205 δ’
839 2175 908 2204 ἐκεῖ
929 2174 978 2204 σοὶ
1006 2173 1156 2203 Badham
1290 2172 1330 2210 ἢν
1354 2173 1450 2203 codd.

130 2215 171 2252 63
204 2215 300 2247 παῖδά
331 2214 357 2246 θ’
383 2215 434 2244 V:
469 2216 554 2247 παῖδ’
582 2215 698 2248 Ambr.
729 2216 799 2246 ΒΟ
976 2218 1017 2255 65
1053 2219 1132 2259 τῇδε
1164 2227 1228 2247 om.
1259 2217 1308 2247 L:
1339 2216 1416 2246 add.
1446 2215 1456 2245 l

130 2259 173 2287 66
197 2258 235 2290 αὖ
251 2269 314 2289 om.
335 2259 380 2288 L:
406 2258 563 2291 πλέκουσι
581 2263 636 2291 νῦν
654 2260 679 2290 Ρ
695 2271 700 2290 :
727 2261 766 2298 δὴ
783 2269 951 2300 suprascr.
970 2260 1000 2290 A
1113 2270 1152 2298 70
1176 2260 1336 2292 πέπυσται
1354 2260 1452 2290 codd.

130 2307 163 2332 et
180 2307 203 2335 Σ
219 2314 226 2332 :
250 2302 392 2334 πέπυσθε
411 2302 515 2333 Ludv.
536 2302 682 2333 DIndorf
839 2314 878 2343 73
895 2308 974 2334 ante
993 2314 1034 2342 70
1051 2308 1177 2343 transp.
1201 2302 1455 2334 Radermacher

131 2355 171 2383 72
196 2348 318 2378 ἐκεῖνον
335 2351 370 2375 ut
386 2346 452 2376 vid.
473 2345 517 2376 L:
545 2348 580 2378 ἐκ
596 2346 713 2378 τούτου
729 2347 863 2377 videtur
880 2347 1022 2377 reddere
1039 2352 1063 2380 Σ
1245 2356 1285 2386 73
1310 2347 1359 2378 ἐπ’
1377 2347 1454 2378 αὐτὸ

129 2387 243 2419 Ambr.
263 2389 354 2429 (-τον
371 2394 410 2429 Σ)
