1683 2732
617 97 987 134 ΙΠΠΟΛΎΤΟΣ

135 204 205 253 Αρ.
236 203 348 252 τιμῆς
374 199 557 253 ἐμέμφθη
585 204 864 253 σωφρονοῦντι
888 200 922 239 δ’
948 200 1105 253 ἤχθετο.

135 271 195 308 Ιπ.
232 271 336 320 τρεῖς
361 269 477 309 ὄντας
501 267 601 319 ἡμᾶς
627 266 763 313 ὤλεσ’,
790 266 980 322 ᾔσθημαι,
1009 267 1170 319 Κύπρις.

134 336 205 385 Αρ.
232 333 381 386 πατέρα
406 351 451 386 γε
478 333 539 374 καὶ
565 335 612 374 σὲ
640 333 702 373 καὶ
727 334 862 385 τρίτην
887 331 1089 386 ξυνάορον.

134 404 195 441 Ιπ.
231 399 371 455 ᾤμωξα
394 401 526 441 τοίνυν
552 400 616 440 καὶ
641 399 788 453 πατρὸς
813 399 1067 452 δυσπραξίας.
1374 415 1458 447 1405

132 469 204 519 Αρ.
231 465 454 518 ἐξηπατήθη
483 468 667 518 δαίμονος
692 467 978 518 βουλεύμασιν.

133 537 194 575 Ιπ.
233 532 262 574 ὦ
288 533 488 576 δυστάλας
515 534 565 574 σὺ
591 536 712 585 τῆσδε
738 537 960 587 συμφορᾶς,
989 533 1124 586 πάτερ.

133 603 210 651 Θη.
231 602 380 647 ὄλωλα,
407 600 557 647 τέκνον,
585 600 674 642 οὐδέ
697 618 763 652 μοι
788 600 902 654 χάρις
926 601 1031 651 βίου.

134 671 194 708 Ιπ.
233 667 360 708 στένω
387 670 435 709 σὲ
458 671 616 719 μᾶλλον
640 664 663 717 ἢ
689 667 750 719 ’μὲ
775 670 844 718 τῆς
869 668 1070 719 ἁμαρτίας.

132 737 210 785 Θη.
232 735 265 775 εἰ
290 736 365 787 γὰρ
390 736 593 787 γενοίμην,
620 733 770 780 τέκνον,
799 735 885 775 ἀντὶ
911 738 985 774 σοῦ
1011 735 1158 787 νεκρός.
1375 748 1458 779 1410

132 804 192 841 Ιπ.
231 799 260 841 ὦ
286 803 392 853 δῶρα
416 801 564 853 πατρὸς
590 804 663 841 σοῦ
689 804 944 843 Ποσειδῶνος
968 801 1099 853 πικρά.

133 870 210 918 Θη.
232 867 283 910 ὡς
307 866 448 919 μήποτ’
476 869 609 909 ἐλθεῖν
635 867 762 921 ὤφελ’
789 869 829 911 ἐς
853 868 998 920 τούμὸν
1025 869 1165 919 στόμα.

133 938 192 975 Ιπ.
230 935 272 975 τί
293 934 344 982 δ’,·
385 934 640 977 ἔκτανές’τᾶν
665 935 718 986 μ’,
747 935 797 976 ὡς
822 935 903 975 τότ’
930 934 1020 985 ἧσθ’
1046 934 1305 987 ὠργισμένος.

131 1005 208 1051 Θη.
233 999 348 1051 δόξης
374 1003 450 1054 γὰρ
475 1000 571 1053 ἦμεν
598 1001 694 1054 πρὸς
720 1004 820 1042 θεῶν
846 1001 1110 1056 ἐσφαλμένοι.

132 1070 207 1107 Ιπ.’
232 1071 322 1119 φεῦ·

230 1134 300 1175 εἴθ’
326 1133 373 1184 ἦν
399 1136 536 1187 ἀραῖον
562 1136 745 1187 δαίμοσιν
770 1137 928 1187 βροτῶν
954 1134 1081 1187 γένος.
1372 1148 1456 1181 1415

131 1204 200 1253 Αρ.
228 1201 362 1242 ἔασον·
402 1202 446 1241 οὐ
470 1203 545 1255 γὰρ
572 1202 661 1243 οὐδὲ
686 1204 758 1255 γῆς
782 1201 858 1242 ὑπὸ
885 1202 1008 1253 ζόφον

230 1271 321 1310 θεᾶς
347 1268 478 1319 ἄτιμοι
505 1269 699 1320 Κύπριδος
726 1270 769 1310 ἐκ
795 1269 1010 1321 προθυμίας

228 1335 343 1387 ὀργαὶ
369 1335 702 1389 κατασκήψουσιν
729 1337 769 1378 ἐς
794 1335 837 1375 τὸ
863 1334 937 1375 σὸν
963 1334 1083 1386 δέμας

229 1404 303 1452 σῆς
329 1402 539 1453 εὐσεβείας
565 1404 740 1455 κάγαθῆς
765 1402 909 1455 φρενὸς
934 1401 1063 1455 χάριν.

228 1469 305 1520 ἐγὼ
331 1470 405 1521 γὰρ
430 1469 549 1519 αὐτῆς
574 1469 700 1509 ἄλλον
726 1468 773 1519 ἐξ
797 1470 891 1520 ἐμῆς
916 1468 1032 1521 χερὸς
1373 1482 1454 1513 1420

227 1534 269 1576 ὃς
297 1535 345 1576 ἂν
369 1535 548 1586 μάλιστα
575 1537 768 1588 φίλτατος
795 1541 889 1592 κυρῇ
914 1539 1071 1587 βροτῶν

227 1601 357 1653 τόξοις
383 1603 573 1655 ἀφύκτοις
599 1605 736 1644 τοῖσδε
760 1601 1047 1655 τιμωρήσομαι.

227 1669 292 1710 σοὶ
317 1668 363 1716 δ’,
391 1667 421 1709 ῶ
446 1669 676 1722 ταλαίπωρ’,
707 1670 794 1710 ἀντὶ
819 1671 940 1710 τῶνδε
966 1672 1042 1709 τῶν
1070 1671 1198 1709 κακῶν

225 1737 338 1787 τιμὰς
361 1737 555 1789 μεγίστας
581 1738 624 1777 ἐν
651 1737 767 1777 πόλει
791 1736 987 1789 Τροζηνίᾳ

225 1803 356 1843 δώσω·
394 1803 506 1855 κόραι
529 1804 606 1856 γὰρ
631 1802 770 1856 ἄζυγες
796 1802 932 1855 γάμων
956 1801 1081 1853 πάρος
1368 1813 1452 1844 Ξ425

227 1870 348 1920 κόμας
375 1870 578 1922 κεροῦνταί
601 1886 678 1916 σοι,
708 1868 756 1910 δι’
782 1870 922 1910 αἰῶνος
946 1870 1096 1920 μακροῦ

225 1935 348 1987 πένθη
374 1935 547 1989 μέγιστα
572 1937 749 1989 δακρύων
777 1934 1044 1990 καρπουμένῳ.

170 2037 252 2065 1402
277 2027 439 2069 ἐμέμφθης
455 2028 524 2058 VB
538 2028 568 2058 N
587 2033 620 2059 et
642 2032 666 2063 Σ
689 2028 774 2059 alter
951 2037 1033 2066 1403
1057 2025 1156 2058 ὥλεσ’
1173 2024 1314 2067 ᾔσθημαι
1331 2023 1416 2055 AV²
1428 2024 1454 2054 P

124 2070 151 2100 B
166 2070 196 2101 Ο
209 2071 239 2100 Ν
255 2081 262 2100 z
287 2072 384 2104 ὥλεσ’
400 2073 493 2111 ’ίσημι
509 2072 539 2102 V
555 2083 562 2102 :
586 2074 710 2104 ὤλεσεν
732 2072 788 2112 μία
807 2072 833 2102 L
851 2072 962 2110 (ὥλεσ“
979 2071 1120 2114 ᾔσθημαι
1144 2069 1202 2108 μία
1225 2068 1451 2104 Valckenaer>

127 2124 204 2152 1404
231 2127 271 2155 γε
291 2114 488 2146 Kirchhoff:
514 2128 551 2148 τε
568 2115 666 2147 codd.
687 2116 767 2156 (orn.
786 2115 828 2149 B)
926 2124 1008 2153 1413
1031 2114 1063 2153 μ’
1079 2123 1143 2143 om.
1159 2111 1272 2143 AVO
1289 2123 1296 2142 τ
1319 2112 1395 2143 add.
1411 2111 1456 2142 V²

125 2159 208 2195 1416
232 2158 345 2199 οὐγὰρ
361 2157 539 2190 ABPL2:
565 2158 636 2191 οὐδὲ
653 2158 885 2200 ὙὰρνΕΟΝ
964 2156 1166 2198 ζόφῳΑΒυ
1257 2156 1340 2194 1418
1357 2168 1452 2188 κατα-

122 2200 324 2239 σκήπτουσιν
343 2201 450 2233 LPN
566 2212 649 2241 1419
672 2201 741 2233 del.
759 2202 983 2233 Valckenaer.
1033 2200 1084 2232 Cf.
1108 2209 1211 2240 1454;
1236 2200 1351 2231 habuit
1369 2198 1447 2230 Chr.

123 2244 195 2275 Pat.
214 2245 278 2284 823
413 2255 495 2284 1423
520 2246 560 2277 σὺ
579 2245 646 2277 LO
660 2245 689 2275 N
856 2247 938 2283 1426
961 2246 1131 2286 n÷÷p08u7aa
1149 2243 1196 2275 L:
1223 2246 1408 2285 κερνοῦνται
1426 2242 1451 2272 Ρ

126 2297 208 2363 1432l
234 2288 347 2371 ἴένθη]
359 2287 448 2373 ὗῗλη
467 2288 561 2320 Weil
662 2288 868 2332 καρπουμένῳ
884 2288 1098 2320 Valckenaer
1114 2298 1120 2318 ε
1147 2287 1360 2329 καρπούμεναι
1377 2290 1401 2321 Σ
1419 2291 1451 2317 et

122 2341 160 2363 co
213 2356 219 2363 .
252 2345 347 2372 -μενα

210 2401 290 2423 Eun.
311 2402 331 2423 1.
1278 2389 1316 2418 17
