1651 2780
604 105 954 144 ΕΎῬΙΠΙΔΟΎ

205 207 290 256 ἐμοὶ
316 208 357 246 δὲ
385 206 481 258 πρὸς
510 209 556 246 σὲ
583 207 686 247 τόνδ’
715 209 1000 250 ἐπιστέλλουσ’
1024 210 1147 263 ἄγειν,

203 273 349 326 τέρψαι
375 272 559 315 θέλοντες
588 274 663 324 σὴν
691 273 816 327 φρέν’·
854 278 897 316 ἐκ
923 279 998 329 γὰρ
1024 279 1208 331 εὐτυχοῦς

204 340 367 391 ἥδιστον
393 340 536 393 ἐχθρὸν
564 340 686 393 ἄνδρα
713 343 974 397 ὃυστυχοῦνθ’
1001 344 1108 396 ὁρᾶν.
1373 359 1442 389 940

111 410 181 449 Αλ.
206 406 234 447 ὦ
259 411 390 458 μῖσος,
418 407 544 458 ἥκεις;
585 406 670 448 εῖλέ
696 408 734 448 σ’
761 409 784 460 ἡ
812 411 913 461 Δίκη
939 412 1088 466 χρόνῳ;

203 478 359 527 πρῶτον
382 476 454 526 μὲν
480 474 548 514 οὖν
573 492 640 526 μοι
668 475 770 528 δεῦρ’
798 476 1045 530 ἐπίστρεψον
1072 477 1169 530 κάρα

204 542 266 582 καὶ
291 543 407 591 τλῆθι
431 541 521 583 τοὺς
541 541 636 584 σοὺς
664 542 943 595 προσβλέπειν
969 546 1150 585 ἐναντίον

205 608 382 662 ἐχθρούς·
422 609 541 664 κρατῇ
567 610 643 661 γὰρ
668 613 738 650 νῦν
762 627 810 663 γε
837 611 904 651 κού
929 615 1083 663 κρατεῖς
1107 611 1177 651 ἔτι.

204 676 352 716 ἐκεῖνος
378 674 416 715 εῖ
437 675 751 727 (τύ-βούλομαι
776 679 852 729 γὰρ
878 677 1080 718 εἰδέναι-
1379 692 1441 723 945

204 740 245 783 ὃς
271 744 405 782 πολλὰ
429 744 501 793 μὲν
527 742 596 783 τὸν
623 743 705 784 ὄνθ’
732 745 830 784 ὅπου
855 744 935 785 ’στὶ
960 748 1029 786 νῦν
1055 745 1150 796 ἐμὸν

204 808 308 849 παῖδ’
333 808 519 859 ἠξίωσας,
547 808 577 850 ὦ
604 810 804 864 πανοῦργ’,
833 813 1072 864 ἐφυβρίσαις

203 877 243 916 τί
265 877 341 929 γὰρ
368 877 418 916 σὺ
445 881 574 918 κεῖνον
600 878 669 918 οὐκ
695 878 811 929 ἔτλης
837 880 1097 931 καθυβρίσαι,·

203 942 246 985 ὃς
271 944 333 983 καὶ
359 943 450 994 παρ’
468 942 613 995 ’Ἃιδην
642 944 766 994 ζῶντά
790 962 851 986 νιν
876 945 1108 999 κατήγαγες,

203 1011 320 1063 ὕδρας
345 1010 511 1053 λέοντάς
537 1010 570 1051 τ’
599 1011 869 1063 ἐξαπολλύναι
892 1012 1024 1065 λέγων
1378 1025 1444 1057 950

204 1077 389 1129 ἔπεμπες.
462 1078 569 1118 ἄλλα
595 1078 626 1118 δ’
654 1079 702 1119 οῖ’
728 1081 914 1133 ἐμηχανῶ
943 1081 1040 1120 κακὰ

205 1149 321 1197 σιγῶ·
358 1145 504 1198 μακρὸς
529 1147 604 1198 γὰρ
630 1149 751 1197 μῦθος
776 1146 824 1187 ἂν
849 1146 1007 1200 γένοιτό
1031 1164 1110 1199 μοι.

207 1212 297 1252 κούκ
322 1211 491 1264 ἤρκεσέν
519 1230 583 1253 σοι
611 1217 731 1254 ταῦτα
756 1217 956 1265 τολμῆσαι
980 1216 1115 1266 μόνον,

206 1279 296 1320 ἀλλ’
323 1279 369 1330 ἐξ
391 1279 550 1330 ἁπάσης
578 1281 675 1331 κάμὲ
703 1282 765 1321 καὶ
789 1281 891 1322 τέκν’
917 1281 1116 1324 Ἑλλάδος

205 1346 374 1397 ἤλαυνες
401 1347 529 1389 ἱκέτας
556 1348 754 1399 δαιμόνων
781 1348 1034 1400 καθημένους,
1377 1361 1442 1395 955

207 1415 297 1456 τοὺς
323 1416 396 1465 μὲν
420 1413 623 1467 γέροντας,
651 1416 740 1458 τοὺς
767 1418 807 1456 δὲ
832 1418 993 1467 νηπίους
1019 1416 1090 1457 ἔτι.

207 1480 297 1522 ἀλλ’
323 1481 437 1533 ηὗρες
462 1481 606 1534 ἄνδρας
634 1484 695 1524 καὶ
723 1483 887 1535 πόλισμ’
915 1484 1136 1535 ἐλεύθερον,

206 1549 245 1589 οἵ
269 1548 306 1587 σ’
333 1548 400 1588 οὐκ
426 1548 598 1590 ἔδεισαν.
670 1553 731 1591 δεῖ
755 1568 802 1590 σε
830 1553 1034 1591 κατθανεῖν
1060 1554 1198 1596 κακῶς,

207 1615 269 1655 καὶ
296 1618 493 1667 κερδανεῖς
520 1616 688 1657 ἅπαντα·
726 1619 827 1670 χρῆν
851 1619 926 1669 γὰρ
951 1617 1025 1670 οὐχ
1050 1616 1159 1666 ἅπαξ

207 1684 394 1739 θνῄσκειν
420 1685 467 1723 σὲ
494 1685 627 1723 πολλὰ
654 1683 796 1735 πήματ’
824 1683 1141 1736 ἐξειργασμένον.
1379 1687 1444 1727 960

106 1753 177 1790 Xo.
208 1750 279 1790 οὐκ
303 1749 386 1790 ἔστ’
412 1749 585 1790 ἀνυστὸν
610 1751 723 1791 τόνδε
750 1767 815 1790 σοι
842 1754 1110 1791 κατακτανεῖν.

108 1820 179 1858 Θε.
206 1816 340 1858 ἄλλως
366 1816 424 1869 ἄρ’
451 1817 569 1858 αὐτὸν
595 1817 852 1871 αἰχμάλωτον
879 1818 1055 1868 εἵλομεν;

108 1887 181 1924 Αλ.
209 1885 330 1936 εἴργει
355 1886 396 1924 δὲ
422 1883 467 1934 δὴ
495 1886 552 1926 τίς
577 1885 692 1925 τόνδε
716 1884 768 1936 μὴ
797 1886 982 1941 θνῄσκειν
1006 1884 1144 1935 νόμος;

108 1954 179 1991 Xo.
207 1954 287 1993 τοῖς
312 1953 435 2001 τῆσδε
459 1951 591 2004 χώρας
618 1950 909 2003 προστάταισιν
935 1951 978 1991 οὐ
1004 1954 1121 1991 δοκεῖ.

109 2021 182 2058 Αλ.
211 2018 250 2058 τί
272 2017 317 2068 δὴ
344 2018 443 2065 τόδ’;
482 2018 647 2071 ἐχθροὺς
673 2018 812 2059 τοισίδ’
839 2018 883 2058 οὐ
909 2017 1031 2058 καλὸν
1059 2020 1232 2064 κτανεῖν;
1377 2022 1440 2062 965

150 2122 214 2150 943
240 2112 439 2153 προβλέπειν
458 2111 484 2142 Ρ
587 2113 749 2145 ἐναντίους
768 2111 856 2142 LP:
881 2121 966 2142 corr.
989 2110 1139 2149 Elmsley
1293 2120 1358 2149 949
1382 2109 1441 2149 ἅδη

109 2155 190 2186 LP:
225 2166 310 2187 corr.
339 2156 464 2187 Aldina
570 2155 772 2197 κατήγαγες]
800 2155 886 2187 κάτω
911 2169 948 2186 τε
972 2157 1033 2195 γῆς
1059 2154 1185 2184 Reiske
1355 2163 1442 2193 950-

108 2208 172 2238 952
198 2201 345 2238 suspecti
479 2209 545 2239 959
569 2201 632 2242 χρὴ
652 2200 677 2229 L
691 2199 717 2229 P
733 2210 739 2229 :
761 2209 846 2229 corr.
862 2199 990 2229 Reiske
1123 2198 1201 2236 961-
1211 2207 1276 2236 972
1292 2197 1440 2228 Chorum

109 2248 142 2274 ct
171 2243 332 2273 Nuntium
364 2244 448 2284 (ἀγ.)
477 2244 712 2282 colloquentes
739 2242 903 2282 praebent
932 2242 958 2271 L
972 2241 1010 2279 P,
1040 2246 1108 2271 tum
1144 2251 1208 2280 973
1243 2241 1440 2271 Alcmenam

109 2287 393 2325 interpellantem.
446 2286 512 2317 Pro
533 2287 660 2317 Nuntio
674 2287 871 2316 Alcmenam
888 2285 1058 2315 substituit
1072 2285 1222 2321 Barnes;
1246 2294 1307 2324 pro
1325 2284 1441 2314 Choro

111 2330 273 2360 Nuntium
292 2331 465 2369 Tyrwhitt
485 2330 538 2370 (cf.
557 2331 599 2360 ad
617 2341 645 2361 v,
671 2331 779 2369 1018),
797 2330 861 2359 hoc
879 2329 1015 2367 quidem
1034 2338 1212 2367 perperam
1365 2329 1440 2366 962,

109 2375 173 2412 963
198 2374 326 2405 Ambos
345 2374 472 2404 Nuntio
490 2374 640 2404 tribuunt
657 2373 727 2407 LP,
745 2373 861 2402 ambos
874 2372 1060 2402 Alcmenae
1075 2371 1206 2401 Bar-nes
1295 2371 1360 2410 965
1385 2372 1436 2411 ἀγ.

111 2418 215 2457 praef.
239 2418 264 2447 L
278 2418 303 2447 P
