1651 2780
588 130 932 168 ΕΎΡΙΠΙΔΟΎ

95 235 148 270 Io.
197 230 336 272 οὔκουν
361 232 453 287 ὁρᾷς
477 250 551 284 μου
577 236 704 274 κῶλον
731 234 781 275 ὡς
808 235 1025 286 ἐπείγεται;

92 300 165 338 Θε.
191 298 266 349 ὁρῶ
293 301 480 340 δοκοῦντα
503 302 660 351 μᾶλλον
685 297 708 350 ἢ
735 302 960 342 σπεύδοντά
986 320 1045 343 σε.
1362 318 1421 350 735

95 367 145 404 lo.
195 364 239 404 οὐ
264 369 385 406 ταῦτα
408 364 551 416 λέξεις,
579 367 679 418 ἡνίκ’
705 367 753 408 ἂν
778 369 957 426 λεύσσῃς
980 369 1019 421 μ’
1045 371 1136 411 ἐκεῖ.

91 434 163 472 Θε.
190 432 231 472 τί
252 435 421 485 δρῶντα;
459 435 682 486 βουλοίμην
708 435 741 475 δ’
767 435 814 476 ἂν
840 436 1078 490 εὐτυχοῦντα
1103 455 1160 490 γε.

94 502 143 539 Ιο.
193 498 240 539 δι’
266 500 434 543 ἀσπίδος
459 503 639 542 θείνοντα
664 504 866 554 πολεμίων
889 504 990 545 τινά.

90 568 162 606 Θε.
190 568 222 607 εἰ
247 565 293 618 δή
319 568 407 609 ποθ’
434 568 579 620 ἥξομέν
605 587 663 622 γε·
703 574 818 611 τοῦτο
845 572 919 623 γὰρ
948 572 1093 625 φόβος.

92 636 143 673 Io.
194 637 282 686 φεῦ·

189 701 273 749 εἴθ’,
302 699 332 742 ὦ
357 704 553 757 βραχίων,
583 705 665 745 οἷον
690 704 905 756 ἡβήσαντά
931 724 978 748 σε
1359 721 1420 752 740

186 767 401 820 μεμνήμεθ’
425 770 549 821 ἡμεῖς,
579 771 691 822 ἡνίκα
716 770 786 822 ξὺν
810 772 1007 825 (Ηρακλεῖ

189 834 375 887 Σπάρτην
402 837 592 890 ἐπόρθεις,
620 839 829 892 σύμμαχος
855 840 988 892 γένοιό
1011 859 1078 893 μοι

187 906 375 945 τοιοῦτος·
412 905 499 944 οἵαν
525 904 574 946 ἂν
596 905 745 958 τροπὴν
772 907 1006 959 Εὐρυσθέως

187 971 339 1020 θείμην·
376 971 467 1011 ἐπεί
487 988 549 1012 τοι
574 973 637 1013 καὶ
664 972 780 1015 κακὸς
803 973 937 1024 μένειν
963 977 1065 1028 δόρυ.

186 1036 297 1077 ἔστιν
321 1037 354 1077 δ’
383 1039 424 1078 ἐν
450 1039 564 1093 ὄλβῳ
592 1040 654 1080 καὶ
680 1039 760 1080 τόδ’
787 1040 855 1081 οὐκ
880 1043 1003 1093 ὀρθῶς
1027 1043 1137 1097 ἕχον,
1352 1056 1416 1088 745

186 1103 383 1157 εὐψυχίας
409 1106 583 1156 δόκησις·
621 1108 814 1158 οἰόμεσθα
839 1110 914 1160 γὰρ

183 1170 251 1212 τὸν
276 1171 515 1225 εὐτυχοῦντα
540 1173 653 1214 πάντ’
679 1175 922 1217 ἐπίστασθαι
948 1177 1089 1218 καλῶς.

85 1274 154 1312 xo.
185 1275 240 1312 Γᾶ
268 1274 330 1313 καὶ
355 1274 571 1328 παννύχιος
597 1275 718 1317 σελά-
1263 1274 1365 1331 [στρ.
1393 1297 1415 1319 α

182 1356 230 1380 να
255 1340 318 1380 καὶ
341 1342 617 1394 λαμπρόταται
643 1345 733 1384 θεοῦ

316 1409 614 1462 φαεσίμβροτοι
638 1410 766 1463 αὐγαί,
1353 1424 1416 1459 750

247 1475 440 1527 ἀγγελίαν
465 1494 531 1527 μοι
556 1476 762 1529 ἐνέγκαιτ’·

182 1541 381 1595 ἰαχήσατε
406 1542 438 1583 δ’
464 1543 614 1598 οὐρανῷ

182 1608 244 1649 καὶ
269 1611 374 1661 παρὰ
399 1611 540 1662 θρόνον
565 1611 737 1665 ἀρχέταν

314 1680 488 1729 γλαυκᾶς
516 1679 556 1717 ἐν
584 1677 765 1721 Ἀθάνας.

178 1742 315 1793 μέλλω
340 1747 410 1786 τᾶς
435 1745 690 1796 πατριώτιδος
1351 1761 1411 1793 755

177 1813 263 1862 γᾶς,
290 1810 427 1862 μέλλω
455 1811 517 1852 καὶ
540 1813 638 1864 ὑπὲρ
663 1813 792 1863 δόμων

313 1876 441 1919 ἱκέτας
465 1879 697 1932 ὑποδεχθεὶς

179 1945 357 1986 κίνδυνον
383 1950 509 2001 πολιῷ
536 1950 668 1997 τεμεῖν
695 1946 857 2002 σιδάρῳ.

121 2038 183 2076 736
220 2040 255 2070 οὐ
285 2038 420 2070 Heath:
457 2040 497 2071 σὺ
527 2040 552 2070 L
566 2040 601 2078 P,
631 2040 776 2071 fortasse
809 2045 901 2071 recte
1068 2051 1128 2080 737
1163 2054 1202 2082 γε
1234 2042 1281 2072 L:
1317 2055 1355 2074 σε
1385 2042 1410 2072 Ρ

77 2082 138 2119 738
167 2080 302 2114 θένοντα
320 2082 402 2112 LP:
436 2093 520 2114 corr.
544 2083 694 2123 Elmsley
858 2094 916 2122 741
949 2085 1009 2115 σὺν
1028 2085 1053 2114 L
1068 2085 1094 2114 P
1252 2095 1313 2124 743
1341 2087 1410 2116 οἵαν

76 2124 224 2156 Reiske:
258 2125 322 2158 οἷος
347 2126 373 2156 L
386 2126 413 2156 P
436 2127 514 2165 (οἷος
537 2127 683 2165 Barnes)
856 2138 917 2166 744
949 2129 1059 2167 θείμην
1076 2129 1204 2159 Cobet:
1237 2129 1325 2166 θείην
1343 2129 1368 2158 L
1382 2129 1408 2159 P

76 2178 137 2206 745
163 2168 242 2209 ἕχον
258 2169 290 2200 l:
315 2170 401 2210 ἔχων
420 2171 445 2200 L
458 2170 484 2200 P
611 2181 672 2211 747
700 2172 857 2202 Fortasse
876 2174 1065 2204 ἐπικτᾶσθαι
1083 2172 1167 2203 καλά
1183 2183 1189 2202 :
1215 2173 1407 2204 ἐπίστασθαι

74 2213 179 2251 χρεών
197 2212 289 2243 Stob.
311 2224 362 2252 92.
378 2223 397 2252 5
511 2225 575 2253 750
600 2215 842 2257 φαεσιμβρότου
860 2215 1042 2254 Musgrave
1158 2225 1216 2254 751
1246 2215 1406 2256 ἐνέγκαιτ’

74 2254 251 2286 Hermann
268 2267 274 2286 t
301 2257 451 2298 ἐνέγκατ’
472 2258 498 2287 L
510 2258 537 2288 P
642 2269 703 2298 754
726 2261 872 2299 ’γλαυκᾶς
890 2261 923 2290 ἐν
941 2258 1072 2291 Ἀθάνας
1092 2259 1255 2290 Schaefer
1271 2263 1304 2289 et
1324 2259 1406 2289 Mat-

74 2299 165 2329 thiae
180 2300 225 2331 (h.
241 2310 268 2331 e.
287 2300 321 2331 in
336 2301 546 2332 Erechtheo&
568 2313 575 2331 τ
600 2306 731 2344 γλαυκᾷ
747 2302 778 2333 τ’
797 2304 831 2334 ἐν
848 2302 965 2344 Ἀθάνᾳ
984 2303 1009 2332 L
1021 2302 1048 2332 P
1153 2312 1227 2342 755,
1243 2304 1306 2341 756
1328 2302 1406 2342 μέλ-

72 2349 122 2374 λει
139 2343 190 2373 bis
210 2343 386 2375 Hermann
401 2357 407 2376 ι
435 2345 538 2385 (μέλω
556 2346 582 2376 L
596 2346 632 2383 Ρ,
650 2356 734 2377 corr.
755 2346 781 2385 l)
937 2347 1000 2385 756
1024 2347 1075 2379 καὶ
1093 2346 1169 2388 ὑπὲρ
1188 2346 1306 2377 Nauck
1323 2357 1330 2377 ε
1354 2347 1406 2378 καὶ

73 2387 142 2428 περὶ
162 2387 187 2417 L
200 2387 226 2418 Ρ
244 2388 332 2429 (περὶ
349 2391 415 2421 τῶν
429 2389 454 2429 l)
