1651 2780
581 105 932 144 ΕΎΡΙΠΙΔΟΎ

187 210 377 248 τοσοῦτον
401 207 468 248 οὖν
495 225 568 249 σου
592 208 804 262 τυγχάνειν
829 208 1097 261 βουλήσομαι,

186 273 235 325 ἤν
258 291 325 325 μοι
349 275 469 327 πόρος
494 292 552 317 τις
576 274 733 329 μηχανή
759 275 792 315 τ’
819 275 1002 334 ἐξευρεθῇ
1353 281 1418 314 260

185 341 306 382 πόσιν
331 342 442 392 δίκην
465 342 578 383 τῶνδ’
604 343 905 384 ἀντιτείσασθαι
932 348 1071 391 κακῶν,

186 404 267 460 [τὸν
291 409 410 449 δόντα
428 408 462 448 τ’
488 410 590 464 αὐτῷ
617 409 795 462 θυγατέρ’
820 410 846 461 ἥ
869 410 902 450 τ’
929 409 1114 464 ἐγήματο]

186 478 317 527 σιγᾶν.
377 476 474 528 γυνὴ
500 478 574 529 γὰρ
599 476 729 517 τᾶλλα
752 479 824 528 μὲν
849 478 984 530 φόβου
1007 478 1112 519 πλέα

187 541 282 593 κακή
307 541 341 582 τ’
367 544 406 585 ἐς
431 543 557 594 ἀλκὴν
583 545 645 584 καὶ
670 545 834 596 σίδηρον
860 546 1034 597 εἰσορᾶν·

185 609 279 650 ὅταν
303 608 335 650 δ’
361 611 402 652 ἐς
428 610 543 661 εὐνὴν
567 610 778 662 ἠδικημένη
806 617 912 668 κυρῇ,
1353 616 1415 657 265

184 675 252 715 οὐκ
277 675 389 717 ἔστιν
415 676 519 727 άλλη
546 678 652 730 φρὴν
675 678 982 731 μιαιφονωτέρα.

85 745 156 782 Χο.
184 741 319 794 δράσω
344 743 439 784 τάδ’·
477 745 636 786 ἐνδίκως
662 746 735 797 γὰρ
762 746 920 801 ἐκτείσῃ
945 745 1079 791 πόσιν,

186 808 355 860 Μήδεια.
415 813 573 852 πενθεῖν
598 811 630 851 δ’
657 812 701 852 οὔ
727 829 775 853 σε
801 811 981 863 θαυμάζω
1005 813 1140 866 τύχας.

183 877 259 929 ὁρῶ
286 879 327 917 δὲ
354 877 416 918 καὶ
444 877 632 930 Κρέοντα,
659 878 774 928 τῆσδ’
799 878 946 919 ἄνακτα
971 881 1055 931 γῆς,

184 944 410 997 στείχοντα,
441 948 584 984 καινῶν
609 944 783 997 ἄγγελον
807 945 1105 997 βουλευμάτων.
1352 960 1415 990 270

85 1027 254 1057 ΚΡΕΩΝ

184 1089 232 1128 σὲ
256 1087 327 1138 τὴν
354 1089 588 1139 σκυθρωπὸν
615 1090 677 1129 καὶ
702 1090 821 1130 πόσει
847 1089 1104 1141 θυμουμένην,

184 1153 376 1205 Μήδειαν,
407 1154 516 1195 εἶπον
542 1157 663 1205 τῆσδε
688 1158 760 1208 γῆς
785 1155 859 1206 ἔξω
885 1159 1008 1206 περᾶν

184 1220 355 1273 φυγάδα,
383 1225 595 1272 λαβοῦσαν
620 1224 743 1262 δισσὰ
769 1223 842 1263 σὺν
869 1229 997 1280 σαυτῇ
1021 1222 1150 1264 τέκνα·

184 1289 245 1328 καὶ
270 1287 322 1339 μή
347 1305 384 1328 τι
408 1287 586 1338 μέλλειν·
626 1289 677 1331 ὡς
703 1290 780 1341 ἐγὼ
805 1290 984 1341 βραβεὺς
1008 1292 1132 1342 λόγου

181 1354 285 1394 τοῦδ’
312 1356 401 1404 εἰμί,
432 1356 522 1395 κούκ
549 1355 682 1407 ἄπειμι
707 1355 802 1407 πρὸς
829 1356 970 1407 δόμους
995 1356 1129 1403 πάλιν,
1353 1370 1413 1402 275

182 1422 273 1473 πρὶν
297 1421 344 1461 ἄν
370 1438 417 1462 σε
442 1423 556 1474 γαίας
581 1423 781 1474 τερμόνων
806 1420 880 1472 ἔξω
906 1423 1038 1474 βάλω.

83 1490 162 1538 Mn.
186 1489 280 1529 αἰαῖ·
318 1488 504 1539 πανώλης
528 1489 550 1539 ἡ
577 1489 728 1530 τάλαιν’
755 1490 994 1541 ἀπόλλυμαι.

181 1556 315 1608 ἐχθροὶ
340 1556 416 1607 γὰρ
440 1554 569 1606 ἐξιᾶσι
595 1555 722 1597 πάντα
746 1556 791 1606 δὴ
821 1556 965 1602 κάλων,

182 1622 272 1662 κούκ
299 1622 408 1662 ἔστιν
434 1622 527 1673 ἄτης
554 1623 840 1675 εὐπρόσοιστος
866 1623 1045 1674 ἔκβασις.

180 1687 371 1740 ἐρήσομαι
395 1691 437 1730 δὲ
463 1690 524 1730 καὶ
552 1694 677 1732 κακῶς
701 1689 904 1744 πάσχουσ’
929 1691 1046 1741 ὅμως·
1351 1695 1413 1727 280

179 1757 285 1798 τίνος
308 1756 348 1807 μ’
376 1756 483 1797 ἕκατι
509 1759 581 1809 γῆς
608 1756 887 1804 ἀποστέλλεις,
916 1757 1062 1809 Κρέον,·

81 1824 150 1874 Κρ.
179 1822 333 1863 δέδοικά
359 1823 570 1864 σ’ῄούδὲν
599 1827 660 1865 δεῖ
681 1825 978 1878 παραμπίσχειν
1003 1825 1207 1878 λόγους-

178 1888 229 1940 μή
255 1891 324 1940 μοί
345 1907 382 1930 τι
407 1890 555 1947 δράσῃς
582 1891 685 1932 παῖδ’
712 1891 933 1942 ἀνήκεστον
959 1892 1090 1933 κακόν.

122 1993 185 2021 259
209 1983 262 2014 οὖν
276 1983 300 2013 L
315 1983 359 2014 P:
377 1983 412 2015 δὲ
424 1983 538 2015 AVB.
586 1984 723 2017 ’τοσόνδε
737 1986 764 2017 δ’
779 1984 834 2017 οὖν
849 1985 996 2015 Sachsse
1109 1985 1168 2015 261
1197 1985 1288 2024 δίκην
1305 1985 1410 2015 ῙῖῙΠῚΞ-

79 2026 135 2065 ley
150 2038 156 2061 ιΧ
166 2032 198 2056 et
216 2027 257 2062 D]
275 2038 281 2056 ε
307 2028 376 2069 δίκῃ
392 2028 489 2058 codd.
583 2028 669 2060 τόνδ’
688 2028 714 2058 L
825 2030 888 2058 262
914 2028 1084 2058 damnavit
1100 2027 1271 2067 Lenting3
1296 2029 1412 2059 habuit

79 2073 102 2102 Σ
116 2070 150 2100 Β.
195 2070 243 2100 Cf.
256 2071 318 2100 288
410 2071 509 2104 δόντα
523 2072 554 2113 γ’
572 2072 596 2101 L
612 2072 636 2101 P
725 2072 744 2110 ἥ
759 2072 889 2102 Porson
906 2083 912 2101 :
937 2072 976 2109 ἥν
989 2072 1087 2102 codd.
1199 2073 1261 2110 264
1287 2071 1368 2109 κακή
1381 2072 1410 2102 τ’

78 2112 246 2150 Tyrwhitt
262 2124 268 2143 ε
294 2115 375 2152 κακὴ
394 2115 420 2146 δ’
441 2116 537 2146 codd.
637 2116 698 2154 267
724 2115 829 2157 δράσω
848 2115 874 2145 Ρ
891 2125 1061 2154 suprascr.
1078 2125 1115 2145 v:
1142 2117 1259 2156 δρᾶσον
1277 2115 1412 2156 (δρόσον

78 2155 165 2187 ΑΒ)
200 2157 270 2188 rell.
432 2159 494 2188 268
531 2159 680 2198 θαυμάσω
714 2159 741 2189 Β
902 2168 965 2197 273
1001 2160 1104 2200 σαυτῇ
1139 2157 1187 2189 L:
1224 2160 1304 2200 αὐτῇ
1336 2157 1409 2189 rell.

79 2209 141 2237 275
173 2199 267 2231 Bo'affiz·
295 2201 345 2230 V:
379 2202 492 2241 δόμους
516 2202 557 2232 V¹
691 2203 754 2241 278
786 2203 824 2240 δὴ
849 2212 912 2231 om.
938 2201 970 2231 A
1103 2211 1166 2240 279
1195 2202 1410 2243 εὐπρόσρρμος

79 2242 257 2273 Wecklein
419 2247 482 2275 280
513 2245 695 2286 πάσχουσ’]
723 2244 856 2286 λέγουσ’
880 2245 911 2275 Α
1075 2246 1135 2275 28Ι
1169 2247 1270 2282 τῆσδε
1294 2248 1354 2286 ’γῆς
1378 2244 1409 2274 V

78 2287 142 2316 282
173 2288 414 2328 παραμπῖσχειν
440 2289 487 2318 L:
521 2289 768 2329 περιαμπῖσχειν
792 2288 839 2318 P:
872 2287 1095 2330 παραμπέχειν
1120 2287 1229 2318 AVB
1257 2290 1304 2329 <ct
1328 2287 1406 2326 ΣΥ,

79 2334 101 2363 Σ
116 2330 169 2367 B),
191 2331 333 2360 sormam
352 2332 503 2370 Euripidi
523 2332 716 2362 inusitatam
