1651 2780
639 119 985 155 ΕΥΡΙΠΙΔΟΥ

248 224 326 261 τῶν
352 224 445 261 σῶν.
484 221 615 273 σοφόν
640 238 699 264 τοι
727 223 795 262 κάν
823 225 954 264 κακοῖς
978 222 1002 262 ἃ
1026 225 1086 262 δεῖ
1108 224 1283 274 φρονεῖν.

152 289 219 326 Εκ.
247 288 340 327 αἰαῖ·
379 286 614 341 παρέστηχ’,
643 288 693 330 ὡς
719 288 824 335 ἔοικ’,
853 290 959 340 ἀγὼν
984 288 1120 340 με’γας,

247 352 400 406 πλήρης
426 359 658 407 στεναγμῶν
685 356 774 396 οὐδὲ
800 356 975 407 δακρύων
1001 356 1124 397 κενός.
1413 369 1476 400 230

250 419 394 473 κᾶγωγ’
420 420 478 473 ἄρ’
504 420 571 461 οὐκ
597 421 792 478 ἔθνῃσκον
818 422 861 462 οὗ
885 422 924 473 μ’
950 424 1072 476 ἐχρῆν
1097 424 1242 466 θανεῖν,

248 486 326 527 οὐδ’
352 487 504 528 ὥλεσέν
527 505 575 538 με
601 489 712 535 Ζεύς,
740 488 878 541 τρέφει
903 488 951 534 δ’,
978 489 1084 530 ὅπως
1109 489 1182 540 ὁρῶ

250 558 374 594 κακῶν
400 553 482 594 κάκ’
508 553 613 594 ἄλλα
635 555 780 605 μείζον’
803 555 827 605 ἡ
853 554 1006 595 τάλαιν’
1032 555 1123 606 ἐγώ.

248 621 282 660 εἰ
306 619 338 659 δ’
364 620 451 661 ἔστι
474 625 555 663 τοῖς
579 621 761 661 δούλοισι
784 621 875 664 τοὺς
900 620 1130 674 ἐλευθέρους

246 686 297 737 μὴ
323 689 453 739 λυπρὰ
476 689 573 738 μηδὲ
598 690 754 740 καρδίας
780 687 966 740 δηκτήρια
1413 701 1474 732 235

248 752 514 806 ἐξιστορῆσαι,
544 755 610 795 σοὶ
634 757 707 805 μὲν
732 755 913 807 εἰρῆσθαι
937 755 1081 808 χρεών,

245 820 345 871 ἡμᾶς
371 820 404 860 δ’
430 821 596 861 ἀκοῦσαι
618 821 708 863 τοὺς
734 823 960 873 ἐρωτῶντας
985 821 1090 862 τάδε.

146 889 219 927 Οδ.
247 886 391 937 ἔξεστ’,
421 888 557 939 ἐρώτα*
593 891 661 927 τοῦ
685 889 831 940 χρόνου
857 890 932 940 γὰρ
958 888 1002 928 οὐ
1028 891 1177 940 φθονῶ.

148 956 217 993 Εκ.
246 953 350 993 οἶσθ’
376 953 475 1004 ἡνίκ’
500 953 619 1004 ἦλθες
643 954 766 995 Ἰλίου
793 954 1057 1001 κατάσκοπος,

250 1022 489 1074 δυσχλαινίςι
513 1020 546 1059 τ’
571 1020 763 1073 ἄμορφος,
792 1020 978 1072 ὀμμάτων
1003 1021 1035 1060 τ’
1061 1021 1138 1061 ἄπο
1413 1034 1474 1066 240

247 1087 373 1139 φόνου
398 1087 623 1140 σταλαγμοὶ
650 1087 726 1138 σὴν
753 1087 993 1138 κατέσταζον
1018 1087 1154 1140 γένυν;

147 1156 220 1194 Οδ.
248 1153 334 1193 οἶδ’·
372 1155 417 1195 οὐ
441 1156 516 1206 γὰρ
542 1154 660 1207 ἄκρας
687 1156 844 1207 καρδίας
869 1154 1027 1207 ἔψαυσέ
1050 1171 1137 1205 μου.

148 1223 217 1260 Εκ.
245 1220 346 1272 ἔγνω
373 1220 415 1261 δέ
440 1221 479 1260 σ’
503 1220 647 1272 Ἑλένη
677 1222 738 1262 καὶ
763 1223 864 1278 μόνῃ
891 1221 1039 1262 κατεῖπ’
1067 1221 1173 1272 ἐμοί,·

147 1289 219 1327 Οδ.
245 1286 458 1339 μεμνήμεθ’
484 1289 524 1330 ἐς
551 1289 731 1330 κίνδυνον
757 1289 940 1330 ἐλθόντες
965 1288 1104 1341 μέγαν.

148 1357 218 1394 Εκ.
245 1354 338 1406 ἥψω
365 1357 407 1396 δὲ
429 1354 609 1408 γονάτων
635 1359 714 1396 τῶν
739 1357 843 1406 ἐμῶν
869 1355 1053 1397 ταπεινὸς
1079 1356 1150 1401 ὥν,·
1411 1368 1472 1398 245

147 1423 220 1461 Οδ.
246 1421 339 1461 ὥστ’
367 1422 544 1462 ἐνθανεῖν
569 1439 615 1474 γε
642 1426 728 1464 σοῖς
752 1421 946 1463 πέπλοισι
969 1421 1067 1476 χεῖρ’
1094 1420 1202 1473 ἐμήν.

150 1490 218 1527 Εκ.
246 1488 383 1528 ἔσωσα
408 1487 505 1539 δῆτά
531 1488 568 1528 σ’
595 1488 803 1542 ἐξέπεμψά
826 1507 870 1530 τε
894 1490 1057 1543 χθονός;

147 1556 220 1594 Οδ.
246 1554 339 1594 ὥστ’
367 1556 527 1607 εἰσορᾶν
552 1573 598 1608 γε
624 1556 776 1609 φέγγος
800 1556 915 1607 ἡλίου
939 1557 1042 1597 τόδε.

149 1623 218 1660 Εκ.
247 1622 287 1660 τί
310 1621 390 1671 δῆτ’
417 1621 556 1672 ἔλεξας
581 1625 723 1664 δοῦλος
748 1622 801 1663 ὢν
827 1622 919 1673 ἐμὸς
945 1624 1050 1669 τότε;

147 1689 221 1727 Οδ.
249 1692 412 1729 πολλῶν
434 1689 566 1741 λόγων
592 1687 790 1740 εὑρήμαθ’,
817 1689 921 1730 ὥστε
946 1689 997 1739 μὴ
1024 1692 1168 1731 θανεῖν.
1409 1701 1474 1731 250

149 1756 220 1794 Εκ.
246 1755 385 1795 οὔκουν
411 1756 554 1811 κακύνῃ
579 1758 716 1797 τοῖσδε
739 1760 822 1798 τοῖς
846 1756 1132 1806 βουλεύμασιν,

247 1820 291 1863 ὃς
316 1820 363 1872 ἐξ
383 1822 477 1873 ἐμοῦ
500 1824 571 1873 μὲν
597 1822 739 1865 ἔπαθες
765 1824 828 1863 οἶα
852 1823 930 1879 φῂς
956 1825 1107 1869 παθεῖν,

249 1889 341 1942 δρᾷς
366 1887 398 1927 δ’
425 1888 537 1930 οὐδὲν
562 1889 663 1940 ἡμᾶς
688 1889 743 1935 εὖ,
773 1893 897 1930 κακῶς
923 1888 955 1929 δ’
981 1890 1079 1929 ὅσον
1103 1888 1220 1944 δύνῃ,-

248 1953 467 2008 ἆχάριστον
490 1956 598 2006 ὑμῶν
625 1954 779 2008 σπέρμ’,
808 1957 898 1995 ὅσοι
923 1957 1167 2008 δημηγόρους

250 2021 413 2071 ζηλοῦτε
437 2021 564 2073 τιμάς·
600 2024 698 2074 μηδὲ
723 2021 1017 2074 γιγνώσκοισθέ
1039 2039 1119 2073 μοι,
1411 2033 1471 2064 255

249 2088 285 2129 οἳ
310 2088 400 2130 τοὺς
426 2089 570 2140 φίλους
594 2088 846 2139 βλάπτοντες
872 2089 916 2129 οὐ
941 2089 1180 2140 φροντίζετε,

193 2179 255 2209 228
278 2179 345 2220 τοι]
363 2194 394 2212 τι
410 2180 480 2211 AL
499 2191 574 2212 cum
592 2181 731 2218 Orione,
751 2181 852 2212 Anth.
874 2181 894 2212 i.
914 2193 942 2219 4.
1078 2190 1138 2219 231
1165 2181 1254 2221 κάγὼ
1270 2180 1332 2221 ’γὰρ
1350 2179 1445 2210 codd.
1466 2190 1473 2209 :

149 2232 232 2252 corr.
256 2222 359 2254 Ludv.
382 2223 530 2255 Dindorf
615 2227 766 2264 236-237
784 2225 934 2255 nondum
952 2224 1112 2263 expediti.
1164 2223 1203 2255 σὲ
1219 2222 1278 2263 μὲν
1296 2225 1472 2264 ἐρωτᾶσθαι

149 2264 241 2296 Weil
343 2277 408 2305 240
430 2268 459 2298 τ’
478 2269 539 2300 ἄπο
557 2267 584 2298 Ρ
602 2278 767 2308 suprascr.
787 2267 831 2298 M¹
848 2279 854 2298 :
881 2267 907 2299 δ’
925 2268 985 2299 ἄπο
1005 2267 1030 2297 L
1045 2279 1052 2297 :
1076 2268 1136 2299 ἄπο
1154 2267 1186 2296 Μ
1199 2266 1231 2297 Α
1331 2275 1394 2305 245
1419 2265 1469 2305 δὲ]

150 2321 187 2340 τε
202 2308 234 2338 Μ
352 2312 414 2349 248
436 2324 476 2351 γε
491 2321 554 2342 om.
569 2310 601 2342 A
722 2320 872 2349 249—250
889 2316 968 2341 ante
982 2311 1132 2349 247—248
1150 2314 1318 2349 transpos.
1340 2309 1471 2348 Byzan-

150 2352 224 2390 tini,
254 2354 419 2392 probante
445 2354 618 2385 Porsono:
651 2356 787 2385 damnat
810 2353 988 2385 WeckleIn
1143 2363 1207 2393 253
1237 2352 1315 2394 δύνᾳ
1340 2351 1472 2383 Porson

151 2397 214 2435 256
237 2397 424 2437 φροντίζετε
445 2398 470 2428 L
482 2397 531 2431 P:
551 2399 733 2439 γινώσκετε
750 2397 784 2427 Μ
796 2397 827 2428 Α
