1651 2780
645 109 993 147 ΕΎῬΙΠΙΔΟΎ

318 212 361 252 ἓν
386 210 430 251 οὐ
453 211 641 252 λέλεκται
665 216 745 252 τῶν
769 214 886 262 ἐμῶν,
913 214 961 252 τὰ
987 212 1020 252 δ’
1046 212 1137 253 ἄλλ’
1163 213 1281 267 ἔχεις·

253 279 286 318 εἰ
309 280 382 329 μὲν
406 280 482 330 γὰρ
507 277 554 328 ἣν
578 295 645 329 μοι
670 278 815 330 μάρτυς
842 279 923 320 οἶός
949 278 1023 330 εἰμ’
1049 280 1141 331 ἐγώ,
1181 290 1184 297 ’

251 344 313 384 καὶ
338 344 451 394 τῆσδ’
479 345 632 396 ὁρώσης
658 344 812 397 φέγγος
836 345 1096 397 ἠγωνιζόμην,

249 410 378 463 ἔργοις
405 413 450 451 ἂν
477 411 577 453 εἶδες
602 410 692 453 τοὺς
719 411 858 453 κακοὺς
883 411 1049 462 διεξιών·

250 481 318 518 νῦν
344 477 376 518 δ’
402 478 534 529 ὅρκιόν
561 494 626 518 σοι
653 480 764 529 Ζῆνα
789 478 851 518 καὶ
877 478 999 519 πέδον
1023 478 1168 532 χθονὸς
1396 494 1477 524 1025

249 546 392 595 ὄμνυμι
414 548 492 585 τῶν
518 548 601 585 σῶν
626 543 770 595 μήποθ’
796 543 981 597 ἅψασθαι
1006 545 1144 597 γάμων

248 611 337 661 μηδ’
363 611 411 651 ἂν
436 613 605 661 θελῆσαι
629 610 719 662 μηδ’
744 610 791 651 ἂν
817 610 972 652 ἔννοιαν
995 615 1155 662 λαβεῖν.

249 676 273 727 ἦ
297 677 380 730 τᾶρ’
407 678 574 729 ὀλοίμην
601 677 748 727 ἀκλεὴς
774 678 985 728 ἀνώνυμος,

248 742 391 785 ἄπολις
416 743 559 790 ἄοικος,
588 745 719 796 φυγᾶς
746 745 948 794 ἀλητεύων
971 746 1111 797 χθόνα,

250 810 311 849 καὶ
335 809 433 860 μήτε
458 811 601 852 πόντος
626 810 725 861 μήτε
749 813 799 862 γῆ
825 810 981 861 δέξαιτό
1003 828 1079 862 μου
1392 823 1479 855 1030

248 875 396 928 σάρκας
423 876 624 922 θανόντος,
654 877 688 916 εἰ
715 876 831 917 κακὸς
854 876 998 928 πέφυκ’
1023 876 1134 929 ἀνήρ.

249 943 283 982 εἰ
307 942 340 981 δ’
364 942 433 992 ἥδε
458 942 701 992 δειμαίνουσ’
729 943 939 982 ἀπώλεσεν
963 945 1058 993 βίον

248 1007 315 1048 οὐκ
341 1007 426 1048 οἶδ’·
466 1008 551 1059 ἐμοὶ
578 1010 653 1060 γὰρ
680 1007 725 1047 οὐ
749 1007 859 1058 θέμις
882 1008 983 1060 πέρα
1008 1009 1155 1062 λέγειν.

247 1075 536 1127 ἐσωφρόνησεν
561 1074 629 1114 οὐκ
656 1074 810 1128 ἔχουσα
836 1079 1074 1128 σωφρονεῖν,

246 1141 358 1191 ἡμεῖς
382 1140 414 1180 δ’
439 1140 601 1194 ἔχοντες
627 1140 673 1180 οὐ
697 1144 826 1183 καλῶς
853 1142 1072 1194 ἐχρώμεθα.
1394 1155 1475 1186 1035

146 1210 219 1247 Xo.
247 1207 446 1260 ἀρκοῦσαν
472 1206 584 1249 εἶπας
609 1208 737 1249 αἰτίας
761 1207 1038 1260 ἀποστροφήν,

246 1274 383 1325 ὅρκους
408 1275 642 1327 παρασχών,
671 1275 808 1314 πίστιν
833 1274 878 1314 οὐ
902 1274 1083 1327 σμικράν,
1112 1277 1224 1315 θεῶν.

147 1342 224 1390 Θη.
245 1340 305 1392 ἆρ’
331 1341 399 1381 οὐκ
426 1340 576 1395 ἐπῳδὸς
604 1341 666 1381 καὶ
692 1341 787 1392 γόης
813 1339 959 1394 πέφυχ’
985 1343 1063 1387 ὅδε,

245 1405 288 1448 ὃς
311 1407 383 1457 τὴν
408 1406 505 1458 ἐμὴν
531 1406 721 1448 πέποιθεν
748 1406 962 1461 εὐοργησίᾳ

244 1472 382 1526 ψυχὴν
409 1472 630 1525 κρατήσειν,
660 1472 730 1513 τὸν
754 1473 903 1513 τεκόντ’
930 1473 1144 1525 ἆτιμάσας,·
1388 1486 1475 1518 1040

149 1542 207 1579 Ιπ.
247 1540 310 1580 καὶ
335 1543 409 1579 σοῦ
433 1556 478 1591 γε
502 1539 624 1579 ταύτὰ
652 1538 775 1592 κάρτα
800 1539 994 1590 θαυμάζω,
1021 1539 1156 1590 πάτερ·

247 1607 280 1646 εἰ
305 1606 379 1657 γὰρ
406 1605 456 1645 σὺ
480 1607 553 1655 μὲν
579 1607 670 1647 παῖς
699 1604 802 1655 ἧσθ’,
832 1607 909 1657 ἐγὼ
935 1608 976 1646 δὲ
1003 1605 1073 1647 σὸς
1098 1604 1237 1657 πατήρ,

245 1671 398 1712 ἔκτεινά
420 1673 484 1711 τοί
507 1670 546 1709 σ’
572 1671 620 1712 ἂν
647 1670 715 1710 κού
745 1675 890 1723 φυγαῖς
914 1672 1108 1722 ἐζημίουν,

246 1740 354 1789 ε’ίπερ
380 1736 561 1790 γυναικὸς
585 1736 721 1788 ἠξίουν
750 1737 788 1775 σ’
815 1738 909 1788 ἐμῆς
934 1740 1070 1790 θιγεῖν.

147 1807 222 1855 Θη.
245 1804 295 1845 ὡς
320 1803 430 1854 ἄξιον
455 1803 536 1844 τόδ’
563 1803 687 1845 εἶπας·
728 1803 802 1857 οὐχ
827 1804 925 1844 οὕτω
953 1807 1064 1860 θανῇ.
1389 1817 1473 1848 1045

244 1871 366 1923 ταχὺς
390 1873 464 1923 γὰρ
482 1869 622 1920 (Ἀιδης
647 1870 795 1924 ῥᾷστος
821 1871 931 1922 ἀνδρὶ
956 1873 1153 1923 δυστυχεῖ·
1392 1882 1472 1913 1047

192 1972 272 2000 1023
297 1962 364 2003 καὶ]
382 1963 402 2000 ἢ
419 1962 652 1993 Wilamowitz
783 1972 862 2000 1024
888 1961 972 1994 εῖλες
991 1962 1119 1992 Reiske
1251 1971 1332 2000 1025
1357 1963 1474 2003 χθονὸς

144 2005 240 2039 πέδον
258 2005 290 2035 Μ
305 2005 334 2036 O
461 2007 543 2036 1028
571 2006 651 2036 Post
669 2005 803 2044 ὀλοίμην
819 2005 892 2036 add.
914 2007 1026 2037 ἄπολις
1043 2005 1073 2035 V
1198 2014 1280 2043 1029
1304 2005 1353 2036 Cf.
1377 2005 1470 2043 1048,

144 2049 208 2080 del.
230 2049 458 2079 Valckenaer:
493 2059 556 2080 om.
581 2049 662 2080 Chr.
684 2048 755 2079 Pat.
776 2050 926 2087 526—529
951 2048 998 2088 (=
1019 2048 1100 2087 Hip.
1124 2048 1329 2088 1027-1029)
1353 2048 1414 2078 sed
1438 2049 1472 2079 id

144 2092 268 2123 nullius
286 2093 444 2123 momenti
613 2101 694 2130 1033
719 2091 798 2132 πέρα
815 2092 898 2130 θέμις
916 2090 947 2121 Α
1113 2101 1193 2129 1034
1219 2090 1427 2132 ἐσωφρόνησε
1443 2091 1471 2123 δ’

144 2135 177 2166 Μ
191 2135 222 2165 Α
234 2135 260 2165 Β
274 2145 293 2165 v
379 2148 430 2176 γρ.
453 2137 513 2175 οὐχ
533 2136 649 2166 ἑκοῦσα
665 2139 689 2167 Σ
779 2134 907 2174 (ἔχουσ’
926 2135 1123 2175 ᾰσωφρονεΐν
1141 2134 1291 2173 Mahaffy
1307 2139 1341 2164 et
1362 2134 1470 2175 Bury)

148 2178 229 2216 1038
260 2180 294 2209 οὐ
316 2178 396 2218 ’γόης
418 2178 449 2208 Α
636 2187 720 2216 1039
752 2178 926 2219 εὐοργησίᾳ
948 2182 1028 2208 mut.
1053 2177 1086 2207 in
1106 2177 1275 2219 εὐορκησίᾳ
1297 2176 1471 2207 AVBL:

145 2221 293 2262 εὐοργηία
316 2221 372 2251 M:
405 2221 530 2263 εὐορκία
552 2219 617 2252 M²z
651 2221 824 2262 εὐοργησίᾳ
842 2220 902 2254 ΡΣ
1065 2230 1145 2258 1041
1178 2222 1282 2253 ταῦτα
1303 2220 1405 2261 κάρτα
1421 2219 1467 2251 L:

144 2263 248 2296 πάντα
260 2267 364 2296 ταῦτα
378 2263 405 2294 Ρ
420 2275 426 2294 :
451 2264 552 2306 κάρτα
563 2266 668 2296 ταῦτα
680 2263 749 2294 rell.
767 2263 810 2303 (εἴ
822 2267 924 2296 ταῦτα
937 2266 1098 2305 καρτερεῖς
1111 2263 1150 2304 Σ)
1258 2273 1340 2301 1044
1364 2263 1470 2303 ἠξίουν

145 2306 365 2340 ΜῙ-ΡΒΖΣΞ
397 2307 501 2348 ἠξίους
525 2306 779 2338 AVM²BDN
930 2304 1470 2346 ff'ALPB²:·y'B:om.MV

144 2349 263 2390 (ἠξίους
278 2350 311 2390 ’γ’
331 2349 378 2388 Ο)
516 2360 595 2389 1047
622 2352 780 2386 δυσσεβεῖ
794 2349 825 2379 Μ
839 2349 869 2379 Α
881 2355 904 2382 Σ
