1651 2780
643 93 990 132 ΕΥΡΙΠΙΔΟΥ

151 199 220 236 Αδ.
246 195 344 248 ἄγου
366 212 414 247 με
440 195 514 237 σὺν
540 197 618 243 σοί,
646 196 743 249 πρὸς
769 199 881 244 θεῶν,
909 197 1005 250 ἄγου
1030 196 1146 240 κάτω.

150 266 224 303 Αλ.
252 263 444 314 ἀρκοῦμεν
468 263 579 314 ἡμεῖς
603 265 639 304 οἱ
663 265 979 320 προθνῄσκοντες
1005 265 1135 306 σέθεν.

151 332 220 370 Αδ.
247 328 276 370 ὦ
302 332 455 380 δαῖμον,
483 331 568 372 οἵας
593 330 761 382 συζύγου
785 330 824 381 μ’
850 332 1094 382 ἀποστερεῖς.

149 400 224 437 Αλ.
247 397 308 437 καὶ
332 396 410 448 μὴν
435 397 640 438 σκοτεινὸν
665 399 770 448 ὄμμα
794 414 868 448 μου
893 399 1121 451 βαρύνεται.
1413 404 1474 445 385

150 466 219 504 Αδ.
247 464 464 514 ἀπωλόμην
488 463 560 516 ἄρ’,
589 465 626 504 εἴ
646 481 694 514 με
719 464 764 514 δὴ
790 466 960 517 λείψεις,
987 465 1113 517 γύναι.

148 533 223 571 Αλ.
245 530 296 572 ὡς
321 530 445 571 οὐκέτ’
472 530 596 571 οὖσαν
621 530 733 572 οὐδὲν
758 530 806 571 ἂν
830 530 965 583 λέγοις
991 531 1071 582 ἐμέ.

150 600 218 638 Αδ.
245 599 362 650 ὄρθου
386 597 613 650 πρόσωπον,
639 597 692 649 μὴ
717 599 838 654 λίπῃς
862 600 1004 640 παῖδας
1030 597 1161 638 σέθεν.

149 667 223 705 Αλ.
244 664 288 704 οὐ
311 664 396 715 δῆθ’
422 663 566 705 ἑκοῦσά
591 664 642 717 γ’,
669 665 775 705 ἀλλὰ
800 664 963 718 χαίρετ’,
990 663 1019 705 ὦ
1044 665 1175 706 τέκνα.

149 735 218 772 Αδ.
245 730 408 784 βλέψον
425 730 521 784 πρὸς
537 730 675 774 αὐτοὺς
691 730 867 785 βλέψον.
979 735 1053 772 Αλ.
1103 730 1214 773 οὐδέν
1232 731 1307 783 εἰμ’
1323 731 1394 773 ἔτι.
1414 745 1477 776 390

149 801 217 839 Αδ.
245 799 286 839 τί
307 801 418 854 δρᾷς;
456 799 702 850 προλείπεις;
841 801 915 839 Αλ.
975 798 1092 853 χαῖρ’.
1231 801 1300 840 Αὸ.
1367 799 1474 840 ἀπω-

414 865 542 916 λόμην
566 864 701 907 τάλας.

148 934 219 971 Xo.
247 930 438 982 βέβηκεν,
465 930 590 972 οὐκέτ’
617 931 728 972 ἔστιν
753 930 950 983 Ἀδμήτου
973 930 1085 984 γυνή.

148 1039 271 1068 ΠΑῘΣ

315 1098 358 1138 ἰώ
384 1114 451 1148 μοι
474 1097 610 1150 τύχας.
670 1101 766 1148 μαῖα
791 1096 836 1147 δὴ
863 1096 965 1138 κάτω
1371 1094 1476 1152 [στρ.

313 1163 507 1216 βέβακεν,
535 1162 659 1205 οὐκέτ’
687 1163 810 1210 ἔστιν,
837 1161 867 1204 ὦ

314 1230 449 1282 πάτερ,
475 1230 544 1283 ὑφ’
570 1231 682 1286 ἁλίῳ.
1416 1244 1476 1278 395

314 1301 566 1350 προλιποῦσα
591 1297 623 1338 δ’
649 1296 749 1349 ἀμὸν

313 1365 406 1416 βίον
432 1363 667 1417 ὠρφάνισσε
693 1363 866 1415 τλάμων.

248 1433 306 1473 ’ίδε
331 1433 407 1484 γὰρ
431 1433 489 1473 ἵὸε
514 1430 725 1484 βλέφαρον
751 1432 813 1472 καὶ
838 1431 1082 1483 παρατόνους
1107 1430 1239 1485 χέρας.

246 1498 473 1539 ὑπάκουσον
499 1497 681 1545 ἄκουσον,
709 1496 739 1538 ὦ
763 1500 897 1551 μᾶτερ,
925 1497 1105 1548 ἀντιάζω.
1411 1511 1477 1542 400

315 1565 391 1617 ἐγώ
418 1564 455 1604 σ’
481 1565 572 1617 ἐγώ,
599 1567 733 1617 μᾶτερ,

318 1633 512 1683 καλοῦμαί
534 1631 572 1671 σ’
599 1633 619 1672 ὁ
640 1631 711 1674 σὸς
737 1632 826 1673 ποτὶ
853 1635 964 1672 σοῖσι
988 1632 1074 1672 πίτ-

416 1716 493 1739 νων
519 1699 717 1750 στόμασιν
743 1700 926 1741 νεοσσός.

150 1768 219 1806 Ab.
246 1765 317 1816 τὴν
342 1765 386 1806 οὐ
413 1765 611 1806 κλύουσαν
637 1765 717 1807 οὐδ’
745 1766 914 1818 ὁρῶσαν·
953 1764 1048 1805 ὥστ’
1075 1765 1154 1818 ἐγὼ

250 1832 311 1872 καὶ
337 1832 430 1885 σφὼ
455 1833 599 1888 βαρείᾳ
626 1838 814 1888 συμφορᾷ
837 1831 1112 1885 πεπλήγμεθα.
1411 1843 1474 1874 405

151 1937 228 1973 Πα.
313 1931 400 1974 νέος
426 1933 517 1985 ἐγώ,
545 1933 680 1985 πάτερ,
709 1934 897 1984 λείπομαι
922 1933 1045 1985 φίλας
1374 1927 1472 1983 [ἀντ.

314 2000 563 2051 μονόστολός
588 2018 630 2042 τε
654 2000 811 2052 ματρός·
851 1998 879 2040 ὦ

188 2093 253 2131 386
277 2091 340 2134 ἄρ’]
359 2093 397 2124 ἂν
413 2091 444 2123 V
587 2094 651 2133 389
674 2092 816 2135 χαιρέτω
835 2092 861 2122 L
874 2092 900 2122 Ρ
1041 2101 1102 2131 391
1129 2089 1313 2131 προλείπεις
1332 2089 1378 2120 L:
1403 2102 1475 2131 προ-

149 2136 272 2168 λείπεις
283 2149 323 2175 με
335 2135 365 2165 V
378 2135 405 2166 B
419 2135 445 2166 P
543 2146 607 2176 393
621 2141 655 2167 et
667 2137 732 2175 406
756 2138 835 2168 Παῖς
849 2134 969 2175 scripsi
984 2145 990 2164 :
1015 2136 1153 2175 εὔμηλος
1166 2134 1262 2165 codd.
1353 2142 1416 2172 393
1440 2134 1475 2164 ἰώ

149 2193 199 2218 μοι
216 2193 269 2219 μοι
288 2179 314 2209 L
421 2188 484 2219 397
510 2180 692 2221 ὢρφάνισσε
712 2180 866 2210 Barnes:
890 2178 1049 2220 ὠρφάνισε
1067 2178 1166 2209 codd.
1278 2186 1342 2215 399
1365 2178 1475 2217 χεῖρας

151 2223 176 2252 L
189 2222 216 2252 P
315 2232 375 2261 401
405 2224 470 2264 ἐγώ
487 2224 518 2254 σ’
537 2225 600 2264 ἐγὼ
616 2226 717 2264 μᾶτερ
735 2223 801 2254 ΡΙ;
828 2223 891 2263 ἐγώ
909 2234 946 2253 σε
962 2221 1035 2263 γάρ,
1054 2224 1155 2262 μᾶτερ
1173 2220 1199 2250 L
1215 2231 1220 2250 :
1246 2219 1278 2252 α’
1295 2221 1359 2260 ἐγὼ
1375 2222 1475 2268 μᾷτερ

151 2267 214 2307 ἐγὼ
237 2265 307 2296 VB
461 2276 525 2304 402
557 2267 587 2298 σ’
612 2270 628 2298 ὁ
651 2266 739 2297 VB:
772 2268 788 2298 ὁ
816 2265 897 2296 LP:
929 2264 1008 2306 (νῦν
1029 2263 1090 2306 γε)
1116 2265 1271 2303 καλοῦμαι
1296 2265 1312 2294 ὁ
1336 2261 1473 2299 Aldlna‚

150 2309 190 2340 cf.
215 2319 244 2340 v.
273 2318 336 2347 414
484 2320 546 2348 404
579 2311 640 2348 τὴν
663 2311 696 2351 γ’
721 2311 756 2342 οὐ
782 2308 957 2340 Hermann
1104 2308 1169 2346 406
1199 2306 1300 2348 πάτερ
1324 2306 1472 2344 λείπομαι

152 2353 177 2383 L
192 2353 236 2383 P:
263 2353 411 2392 λείπομαι
429 2352 530 2394 πάτερ
545 2352 575 2383 V
587 2353 614 2382 Β
761 2363 822 2391 407
848 2366 885 2384 τε
905 2351 930 2382 L
941 2351 967 2382 Ρ
979 2356 1002 2385 Σ
1018 2362 1024 2381 :
1049 2361 1112 2381 om·
1135 2350 1206 2381 rell-
