1683 2732
216 754 289 790 Xo.

688 64 1075 101 ΗΡΑΚΛΕΙΔΑΙ

319 167 381 207 καὶ
406 170 530 221 χαῖρε·
569 170 796 220 δυσφημεῖν
820 169 895 219 γὰρ
919 167 1058 218 ἅζομαι
1085 166 1191 213 θεάν,
1476 172 1542 203 600

317 231 341 290 ᾗ
365 233 437 274 σὸν
465 236 673 286 κατῆρκται
699 238 824 284 σῶμα,
854 232 1063 285 Δήμητρος
1089 234 1218 285 κόρην.

383 297 414 339 ὦ
437 303 584 346 παῖδες,
612 301 844 353 οἰχόμεσθα·
881 299 1018 340 λύεται
1042 299 1142 350 μέλη

316 366 435 422 λύπῃ·
473 365 654 417 λάβεσθε
680 367 757 407 κείς
784 367 898 418 ἕδραν
923 366 962 417 μ’
988 367 1167 418 ἐρείσατε

317 432 434 472 αὐτοῦ
459 432 648 473 πέπλοισι
673 435 807 473 τοῖσδε
834 433 1066 485 κρύψαντες,
1094 432 1224 473 τέκνα.

318 499 369 540 ὡς
394 499 482 540 οὔτε
506 499 656 541 τούτοις
681 499 822 550 ἥδομαι
847 499 1150 552 πεπραγμένοις,
1479 504 1540 543 605

316 570 499 619 χρησμοῦ
522 583 565 607 τε
587 566 640 617 μὴ
667 565 901 618 κρανθέντος
927 566 970 606 οὐ
995 566 1208 617 βιώσιμον·

315 633 456 683 μείζων
482 634 557 685 γὰρ
581 632 665 683 ἄτη·
705 635 892 685 συμφορὰ
918 635 959 672 δὲ
987 634 1049 673 καὶ
1073 632 1179 673 τάδε.

316 749 449 790 οὔτινά
475 755 576 802 φημι
602 753 700 790 θεῶν
727 750 818 803 ἄτερ
846 752 1003 801 ὄλβιον,
1032 750 1075 790 οὐ
1100 750 1368 802 βαρύποτμον,
1424 747 1540 802 ’[στρ.

384 816 504 869 ἄνδρα
528 816 729 869 γενέσθαι·

316 883 405 923 οὐδὲ
429 883 497 923 τὸν
522 883 638 924 αὐτὸν
665 883 725 923 ἀεὶ
750 883 927 934 βεβάναι
953 884 1073 933 δόμον
1479 886 1542 917 6Ιο

385 949 554 1003 εὐτυχία·
592 952 696 1001 παρὰ
721 949 753 989 δ’
778 949 909 991 ἄλλαν
933 949 1040 990 ἄλλα

383 1020 500 1068 μοῖρα
525 1016 667 1056 διώκει.

382 1082 451 1122 τὸν
474 1084 547 1133 μὲν
571 1082 640 1134 ἀφ’
664 1083 833 1134 ὑψηλῶν
858 1081 1015 1135 βραχὺν
1040 1082 1172 1137 ᾤκισε,

382 1148 450 1189 τὸν
475 1148 507 1188 δ’
534 1148 681 1189 ἀλέταν
707 1148 917 1199 εὐδαίμονα
941 1149 1084 1201 τεύχει.

315 1216 490 1267 μόρσιμα
515 1215 546 1255 δ’
571 1215 654 1255 οὔτι
680 1218 822 1268 φυγεῖν
847 1214 969 1266 θέμις,
996 1215 1040 1255 οὐ
1066 1216 1184 1268 σοφί-
1478 1217 1540 1257 615

384 1299 406 1336 ᾳ
431 1299 488 1324 τις
513 1282 729 1327 ἀπώσεται,
758 1282 864 1321 ἀλλὰ
889 1280 1016 1332 μάταν
1042 1282 1061 1321 ὁ
1087 1282 1181 1334 πρό-

449 1351 568 1400 θυμος
593 1349 652 1389 ἀεὶ
677 1349 799 1389 πόνον
824 1346 915 1398 ἕξει.

316 1466 422 1506 ἀλλὰ
439 1465 488 1506 σὺ
503 1465 555 1516 μὴ
571 1465 794 1517 προπίτνων
810 1466 858 1505 τὰ
875 1466 974 1505 θεῶν
990 1462 1100 1516 φέρε,
1114 1463 1202 1515 μηδ’
1213 1461 1426 1515 ὑπεράλγει
1440 1459 1539 1514 [ἀντ.

382 1533 574 1585 φροντίδα
599 1532 717 1585 λύπᾳ·
1478 1531 1541 1563 620

316 1597 520 1649 εὐδόκιμον
545 1600 620 1651 γὰρ
647 1598 732 1651 ἔχει
758 1597 927 1638 θανάτου
951 1596 1069 1649 μέρος

381 1667 406 1704 ἁ
429 1664 554 1716 μελέα
579 1665 655 1716 πρό
680 1664 711 1704 τ’
737 1666 925 1717 ἀδελφῶν
952 1664 1013 1704 καὶ
1038 1665 1123 1716 γᾶς·

382 1731 461 1771 οὐδ’
488 1730 633 1781 ἀκλεής
658 1748 718 1772 νιν

381 1796 477 1848 δόξα
502 1797 599 1850 πρὸς
624 1797 839 1850 ἀνθρώπων
863 1795 1107 1846 ὑποδέξεταν

382 1866 406 1904 ἁ
431 1864 464 1904 δ’
491 1865 609 1917 ἀρετὰ
634 1865 765 1916 βαίνει
791 1865 854 1904 διὰ
879 1863 1055 1916 μόχθων.
1475 1861 1537 1900 625

259 1959 322 1988 602
346 1957 457 1990 λύεται
476 1957 594 1988 Milton
612 1969 618 1988 :
642 1957 749 1989 δύεται
768 1957 794 1987 L
808 1957 833 1987 Ρ
1002 1957 1068 1994 609
1095 1954 1253 1985 Fortasse
1272 1955 1364 1994 φῶτα
1381 1950 1427 1992 (γ’
1446 1952 1541 1992 ἄνδρα

218 2000 347 2039 Heath)
523 2002 599 2040 610,
617 2002 676 2031 611
711 2000 828 2042 δρόμον
846 1999 997 2040 εὐτυχίας
1016 1998 1169 2029 Schmidt
1344 1996 1405 2025 611
1435 1996 1541 2026 ἄλλαν

218 2044 351 2074 Scidler
368 2055 375 2074 :
415 2045 516 2076 ἄλλον
549 2045 574 2075 L
588 2045 615 2075 P
648 2045 767 2085 (ἄλλον
798 2044 831 2085 γ’
863 2044 888 2084 l)
1076 2043 1141 2079 613
1177 2039 1249 2081 ἀφ’]
1283 2037 1334 2079 ἐφ’
1367 2037 1541 2068 Brodaeus

216 2089 279 2124 614
306 2086 426 2119 ἆλέταν
447 2088 566 2127 scripsi
591 2089 637 2128 (h.
653 2098 681 2119 e.
707 2089 766 2119 τὸν
789 2090 822 2119 ἐν
843 2090 976 2126 μυλῶνι,
1000 2085 1039 2116 cs.
1064 2084 1160 2123 Cycl.
1179 2085 1256 2124 240)
1276 2094 1282 2113 ε
1307 2083 1431 2119 ἆλήταν
1455 2080 1538 2110 LP:

218 2131 331 2161 ἀτίταν
349 2130 501 2160 Lobeck:
527 2132 583 2163 τὸν
600 2132 626 2163 δ’
644 2131 812 2170 εὐδαίμονα
828 2129 939 2170 τεύχει
958 2129 1084 2161 ἀλάταν
1102 2127 1236 2158 Seidler
1380 2126 1445 2164 619
1468 2137 1541 2164 προ-

217 2173 335 2204 πίτνων
365 2172 533 2214 Elmsley:
573 2176 764 2217 προσπεσὼν
793 2175 819 2204 Ι,
834 2173 871 2212 Ρ,
901 2173 960 2203 sed
991 2182 1160 2212 suprascr.
1191 2173 1310 2203 πιτνῶν
1342 2174 1377 2200 ut
1404 2169 1539 2199 videtur

218 2215 258 2245 L2
357 2216 432 2257 φέρε
450 2216 619 2255 Elmsley:
645 2215 721 2257 ὑπὲρ
740 2215 804 2246 LP
823 2213 960 2256 (παθέων
977 2215 1037 2245 ὕπο
1053 2213 1217 2253 Camper)
1349 2212 1413 2240 622
1436 2209 1495 2249 πρό
1511 2211 1540 2240 τ’

218 2258 348 2289 Barnes
362 2269 368 2288 :
392 2260 467 2300 πρὸς
483 2259 528 2289 L:
553 2259 629 2301 πρός
644 2259 674 2291 ¹r'
691 2258 719 2289 P
851 2258 1001 2298 ἀδελφῶν
1016 2256 1066 2288 lP
1083 2257 1299 2297 (÷÷÷e÷<·÷÷÷÷7k‹pd'>v
1316 2254 1356 2295 L)

311 2319 393 2339 EUR.
411 2318 433 2341 1.
1337 2306 1416 2338 12**
