1651 2780
670 83 1018 121 ΕΥΡΙΠΙΔΟΥ

278 183 403 236 πατήρ
429 201 471 226 τε
498 187 659 238 θυγατρὶ
686 190 776 228 παῖς
801 203 843 227 τε
867 187 983 238 μητρὶ
1006 188 1190 240 μίγνυται

278 251 369 303 κόρη
396 251 427 291 τ’
453 253 628 307 ἀδελφῷ,
656 255 719 294 διὰ
745 254 871 306 φόνου
896 253 929 293 δ’
956 256 992 295 οἱ
1020 255 1207 306 φίλτατοι
1446 268 1505 300 175

276 322 463 370 χωροῦσι,
493 321 554 360 καὶ
578 320 690 361 τῶνδ’
717 320 829 362 οὐδὲν
856 320 1022 374 ἐξείργει
1049 323 1180 373 νόμος.

274 385 298 424 ’ὰ
321 384 372 434 μὴ
399 385 488 437 παρ’
514 386 614 436 ἡμᾶς
641 387 808 440 εἵσφερ’·
847 388 935 429 οὐδὲ
962 390 1037 440 γὰρ
1064 389 1187 429 καλὸν

274 453 380 491 δυοῖν
405 457 604 503 γυναικοῖν
629 453 735 505 ἄνδρ’
761 455 814 495 ἕν’
841 455 951 505 ἡνίας
977 456 1097 509 ἔχειν,

272 517 362 557 ἀλλ’
389 519 443 560 εἰς
466 520 559 569 μίαν
583 519 807 570 βλέποντες
833 522 990 562 εὐναίαν
1018 522 1168 573 Κύπριν

273 582 522 636 στέργουσιν,
550 587 661 628 ὅστις
685 587 738 637 μὴ
766 591 890 628 κακῶς
915 589 1036 628 οἰκεῖν
1063 587 1181 629 θέλει.
1442 595 1501 625 ¹80

170 648 243 689 Xo.
271 651 489 702 ἐπίφθονόν
515 669 575 692 τοι
599 655 733 706 χρῆμα
757 654 917 704 θηλείας
944 655 1089 706 φρενὸς

253 717 332 757 4καὶ
358 716 598 770 ξυγγάμοισι
621 722 811 771 δυσμενὲς
835 720 996 772 μάλιστ’
1024 721 1097 761 ἀεί.

170 782 241 822 Αν.
269 787 344 834 φεῦ
369 788 458 835 φεῦ·

271 850 388 890 κακόν
413 868 458 903 γε
484 854 639 902 θνητοῖς
663 853 707 893 τὸ
733 853 823 894 νέον
848 854 890 894 ἕν
916 870 958 894 τε
983 858 1035 909 τῷ
1063 853 1137 909 νέῳ

268 915 312 956 τὸ
336 917 388 967 μὴ
415 919 565 959 δίκαιον
589 920 701 962 ὅστις
727 920 943 972 ἀνθρώπων
969 920 1064 974 ἔχει.
1435 927 1493 965 ¹85

267 983 344 1034 ἐγὼ
365 985 411 1024 »δὲ
437 989 571 1037 ταρβῶ
598 985 649 1036 μὴ
675 986 719 1026 τὸ
745 987 945 1027 δουλεύειν
969 986 1018 1038 μέ
1044 1004 1110 1028 σοι

266 1050 399 1101 λόγων
424 1051 567 1108 ἀπώσῃ
593 1053 711 1093 πόλλ’
738 1053 912 1106 ἔχουσαν
939 1053 1083 1103 ἔνδικα,

264 1113 312 1166 ἢν
338 1117 369 1156 δ’
394 1117 441 1157 αὖ
467 1117 662 1170 κρατήσω,
689 1119 741 1170 μὴ
766 1119 822 1160 ’πὶ
847 1120 935 1175 τῷδ’
962 1122 1077 1173 ὄφλω
1103 1119 1286 1172 βλάβην·

266 1184 301 1224 οἱ
326 1185 400 1236 γὰρ
428 1184 614 1228 πνέοντες
637 1185 795 1238 μεγάλα
818 1186 907 1228 τοὺς
934 1187 1142 1239 κρείσσους
1165 1187 1309 1240 λόγους

264 1254 409 1302 πικρῶς
435 1251 603 1304 φέρουσι
625 1257 704 1293 τῶν
729 1253 965 1294 ἐλασσόνων
988 1254 1077 1294 ὕπο·
1430 1267 1492 1299 190

263 1317 367 1366 ὅμως
393 1316 425 1357 δ’
453 1318 621 1369 ἐμαυτὴν
645 1319 689 1359 οὐ
715 1320 901 1371 προδοῦσ’
926 1320 1149 1372 ἁλώσομαι.

330 1383 418 1430 εἴπ’,
447 1383 476 1424 ὦ
502 1388 622 1432 νεᾶνι,
649 1389 702 1441 τῷ
729 1385 767 1425 σ’
795 1387 971 1441 ἐχεγγύῳ
997 1387 1106 1441 λόγῳ

262 1450 459 1491 πεισθεῖσ’
489 1452 632 1492 ἆπωθῶ
659 1454 834 1505 γνησίων
860 1452 1165 1505 νυμφευμάτων;

262 1515 313 1557 ὡς
336 1517 359 1568 ἡ
384 1516 563 1558 Λάκαινα
587 1522 664 1559 τῶν
690 1522 857 1572 Φρυγῶν
881 1521 1002 1571 μείων
1029 1521 1157 1566 πόλις,

260 1582 359 1639 τύχῃ
384 1583 419 1623 θ’
445 1585 616 1636 ὑπερθεῖ,
645 1584 732 1636 κᾶμ’
759 1585 969 1638 ἐλευθέραν
995 1587 1106 1640 ὁρᾷς;
1425 1598 1485 1631 195

258 1645 282 1699 ἢ
307 1653 359 1704 τῷ
385 1649 459 1705 νέῳ
485 1667 528 1691 τε
554 1652 616 1692 καὶ
642 1656 866 1704 σφριγῶντι
891 1653 1045 1703 σώματι

259 1716 414 1758 πόλεως
438 1733 481 1758 τε
504 1717 662 1770 μεγέθει
689 1719 751 1759 καὶ
778 1719 912 1770 φίλοις
937 1718 1132 1770 ἐπηρμένη

258 1781 365 1823 οἶκον
391 1788 607 1838 κατασχεῖν
631 1784 700 1825 τὸν
726 1785 799 1825 σὸν
824 1786 910 1826 ἀντὶ
936 1789 1010 1825 (τοῦ
1035 1784 1156 1831 θέλω,-

257 1849 424 1902 πότερον
448 1849 496 1890 ἵν’
522 1850 616 1901 αὐτὴ
644 1854 784 1894 παῖδας
810 1852 897 1892 ἀντὶ
923 1855 996 1892 σοῦ
1019 1851 1118 1892 τέκω

256 1915 420 1958 δούλους
445 1917 590 1975 ἐμαυτῇ
613 1917 647 1957 τ’
673 1918 815 1959 ἀθλίαν
842 1919 1053 1970 ἐφολκίδας
1421 1931 1484 1953 200

254 1978 277 2032 ἢ
304 1983 392 2024 τοὺς
420 1984 534 2034 ἐμούς
559 2001 618 2027 τις
642 1987 783 2027 παῖδας
808 1983 1032 2035 ἐξανέξεται

201 2076 262 2106 180
300 2076 385 2107 θέλει
422 2076 536 2108 Haun.
572 2082 606 2108 et
647 2078 718 2108 cod.
762 2077 908 2117 optimus
948 2076 1041 2108 Stob.
1084 2086 1133 2114 74.
1173 2086 1214 2114 9:
1255 2075 1342 2108 θέλοι
1382 2076 1482 2107 codd.

158 2119 213 2148 181
251 2132 300 2150 τοι
327 2119 484 2151 Dobree:
520 2134 551 2152 τι
577 2121 673 2152 codd.
804 2121 932 2158 θηλείας
961 2121 1074 2161 φρενὸς
1103 2124 1126 2152 Σ
1154 2124 1187 2149 et
1216 2119 1308 2150 StOb-
1339 2129 1388 2158 73.
1420 2120 1481 2150 18:

153 2164 289 2199 θηλειῶν
300 2162 358 2203 ἔφυ
370 2164 466 2196 codd.
478 2169 510 2194 et
523 2165 669 2195 fortasse
680 2164 766 2195 alter
777 2168 801 2197 Σ
894 2164 953 2201 184
972 2165 1006 2194 ἐν
1017 2162 1051 2194 δὲ
1064 2162 1156 2193 Stob.
1168 2172 1219 2201 52.
1234 2173 1246 2192 1
1341 2171 1402 2201 190
1418 2163 1480 2194 ἄπο

153 2204 329 2236 Hermann
476 2218 535 2248 194
559 2210 617 2245 τῆς
634 2211 765 2250 Φρυγῶν
781 2206 937 2244 Scaliger
1081 2215 1141 2245 195
1165 2205 1250 2247 τύχῃ
1270 2205 1340 2236 fere
1358 2205 1455 2236 codd.
1471 2215 1478 2235 ε

151 2247 238 2289 Τύχη
264 2249 314 2280 ΒΖ
350 2254 391 2293 τῇ
417 2251 597 2292 εὐδαιμονίᾳ
622 2250 818 2292 ὑπερβάλλει
843 2250 924 2288 (leg.
953 2262 984 2290 -ῃ
998 2250 1020 2288 2)
1048 2253 1072 2282 Σ
1188 2249 1322 2280 Videtur
1345 2247 1477 2290 ὑπερθέῃ

150 2293 365 2325 scribendum
378 2305 465 2331 esse,
480 2305 555 2324 nam
568 2304 714 2332 persona
727 2293 875 2323 secunda
887 2293 1013 2331 passivi
1026 2303 1134 2331 praes.
1147 2293 1245 2323 indic.
1262 2296 1314 2322 est
1329 2303 1335 2321 :
1354 2293 1482 2332 ὑπερθεΐ

150 2337 234 2376 τᾶμ’,
253 2338 423 2379 ἐλευθέραν
440 2338 465 2368 θ’
486 2337 633 2376 Lenting
722 2335 888 2375 ἐλεύθερον
907 2336 934 2366 Β
1043 2345 1100 2374 197
1127 2335 1270 2366 πλούτου
1285 2348 1321 2366 τε
1340 2334 1477 2364 Brunck

150 2391 215 2412 200
238 2381 285 2422 τ’]
302 2381 335 2422 γ’
353 2381 529 2412 Hermann
