1683 2732
608 82 1004 119 ΑΝΔΡΟΜΑΧΗ

250 185 405 226 ἑκόντες
430 183 497 224 οὐκ
524 184 697 229 ἄκοντες,
725 183 813 224 οὐδὲ
837 184 984 234 βώμιοι

250 252 467 297 πίτνοντες,
495 251 605 291 αὐτοὶ
630 249 702 300 τὴν
728 251 837 300 δίκην
862 248 1060 301 ὑφέξομεν

250 319 292 357 ἐν
317 321 428 358 σοῖσι
453 320 662 370 γαμβροῖς,
690 317 795 357 οἶσιν
820 315 886 356 οὐκ
913 315 1120 357 ἐλάσσονα

248 382 416 435 βλάβην
441 384 593 436 ὀφείλω
619 382 866 436 προστιθεῖσ’
893 383 1091 424 ἀπαιδίαν.
1413 387 1476 428 360

247 450 358 501 ἡμεῖς
382 452 455 501 μὲν
480 450 548 490 οὖν
574 451 733 490 τοιοίδε·
771 451 840 500 τῆς
865 451 906 490 δὲ
933 452 1007 500 σῆς
1033 448 1235 503 φρενὸς-

250 517 293 558 ἕν
319 534 392 558 σου
418 515 585 558 δέδοικα·
627 518 690 558 διὰ
716 517 940 569 γυναικείαν
965 516 1048 568 ἔριν

251 584 312 624 καὶ
336 583 407 634 τὴν
431 583 623 625 τάλαιναν
652 584 808 626 ὤλεσας
833 587 1000 636 Φρυγῶν
1024 584 1156 624 πόλιν.

149 653 220 691 Χο.
249 650 350 703 ἄγαν
375 649 515 701 ἔλεξας
542 651 592 693 ὡς
619 650 714 703 γυνὴ
742 650 836 702 πρὸς
861 649 1044 702 ἄρσενας,

250 718 315 757 καί
338 734 409 758 σου
435 717 479 757 τὸ
505 722 673 770 σῶφρον
699 715 950 767 ἐξετόξευσεν
977 717 1133 769 φρενός.
1416 720 1476 761 365

151 785 227 824 Με.
249 784 376 836 γύναι,
405 783 488 825 τάδ’
518 785 605 825 ἐστὶ
631 785 777 836 σμικρὰ
803 785 865 824 καὶ
889 785 1106 837 μοναρχίας

250 850 318 890 οὐκ
343 849 432 902 ἄξι’,
461 851 511 892 ὡς
540 852 631 908 φῄς,
659 853 727 901 τῆς
751 852 845 901 ἐμῆς
871 850 949 890 οὐδ’
976 850 1186 892 Ἑλλάδος.

254 917 296 958 εὗ
321 917 354 957 δ’
378 917 473 963 ἴσθ’,
503 919 593 957 ὅτου
618 934 677 959 τις
702 916 891 970 τυγχάνει
914 918 1053 970 χρείαν
1077 917 1193 971 ἔχων,

252 983 354 1024 τοῦτ’
381 984 465 1024 ἔσθ’
493 984 647 1039 ἑκάστῳ
672 984 804 1035 μεῖζον
831 980 853 1033 ἢ
877 985 1025 1036 Τροίαν
1051 986 1170 1024 ἑλεῖν.

253 1051 360 1103 κάγὼ
386 1050 766 1104 θυγατρί-μεγάλα
790 1052 865 1103 γὰρ
891 1051 1006 1103 κρίνω
1030 1049 1135 1096 τάδε,
1415 1061 1478 1095 370

251 1116 395 1171 λέχους
422 1117 904 1170 στέρεσθαι-«σύμμαχος
929 1119 1178 1168 καθίσταμαι.

249 1185 296 1224 τὰ
323 1186 394 1235 μὲν
421 1186 495 1237 γὰρ
522 1184 627 1225 ἄλλα
652 1183 798 1237 δεύτερ’
823 1183 871 1224 ἂν
896 1183 1049 1237 πάσχοι
1072 1182 1183 1237 γυνή,

252 1250 391 1302 ἀνδρὸς
416 1250 448 1291 δ’
475 1250 739 1303 ἁμαρτάνουσ’
766 1250 978 1303 ἁμαρτάνει
1002 1252 1107 1302 βίου.

251 1318 403 1358 δούλων
429 1317 462 1358 δ’
489 1320 639 1359 ἐκεῖνον
663 1322 740 1359 τῶν
765 1319 868 1368 ἐμῶν
894 1317 1030 1371 ἄρχειν
1053 1319 1182 1371 χρεὼν

253 1385 315 1425 καὶ
341 1388 419 1425 τῶν
445 1385 598 1426 ἐκείνου
622 1384 712 1426 τοὺς
739 1385 866 1435 ἐμούς,
893 1385 994 1436 ἡμᾶς
1018 1401 1060 1425 τε
1085 1385 1194 1436 πρός·
1416 1394 1476 1428 375

251 1452 384 1503 φίλων
408 1453 483 1503 γὰρ
507 1451 618 1492 οὐδὲν
642 1453 753 1497 ἴδιον,
783 1453 925 1493 οἵτινες
950 1452 1066 1503 φίλοι

247 1518 369 1570 ὀρθῶς
396 1518 608 1570 πεφύκασ’,
637 1519 742 1558 ἀλλὰ
768 1520 876 1559 κοινὰ
900 1517 1094 1571 χρήματα.

247 1584 376 1635 μένων
404 1587 445 1625 δὲ
470 1585 559 1627 τοὺς
586 1586 771 1632 ἀπόντας,
800 1587 834 1625 εἰ
857 1585 909 1636 μὴ
937 1584 1108 1636 θήσομαι

247 1651 335 1702 τᾶμ’
362 1652 414 1694 ὡς
437 1651 592 1704 ἄριστα,
623 1652 777 1705 φαῦλός
803 1653 881 1703 εἶμι
906 1652 973 1692 κού
999 1652 1140 1705 σοφός.

247 1717 339 1758 ἀλλ’
365 1718 557 1769 ἐξανίστω
585 1718 698 1760 τῶνδ’
726 1719 952 1771 ἀνακτόρων
977 1721 1080 1761 θεᾶς·
1417 1722 1477 1763 380

247 1784 310 1830 ὡς,
338 1782 387 1835 ἢν
413 1785 533 1842 θάνῃς
558 1786 620 1832 σύ,
652 1789 743 1828 παῖς
768 1785 825 1826 ὅδ’
852 1785 1038 1838 ἐκφεύγει
1061 1786 1196 1838 μόρον,

247 1855 321 1891 σοῦ
345 1851 377 1891 δ’
404 1852 448 1892 οὐ
474 1853 668 1903 θελούσης
698 1855 915 1899 κατθανεῖν,
943 1853 1055 1893 τόνδε
1079 1856 1214 1893 κτενῶ.

246 1921 352 1959 δυοῖν
378 1917 410 1958 δ’
436 1918 584 1971 ἀνάγκη
612 1918 760 1974 θατέρῳ
785 1922 917 1960 λιπεῖν
941 1921 1047 1971 βίον.

188 2019 249 2048 357
276 2011 304 2042 οἱ
320 2011 434 2050 βώμιοι
452 2011 586 2042 videtur
603 2011 760 2043 habuisse
777 2016 801 2045 Σ
943 2013 1008 2050 358
1032 2011 1205 2043 πίπτοντες
1223 2009 1250 2040 Β
1262 2010 1292 2041 O
1393 2012 1473 2051 αὐτῇ

147 2052 330 2084 Kirchhoff
494 2056 558 2094 360
582 2055 731 2087 ἀπαιδίαν
745 2055 776 2085 Α
790 2056 815 2086 L
830 2055 856 2086 Ρ
872 2069 923 2098 γρ.
946 2056 973 2086 Β
991 2068 1042 2096 γρ.
1063 2054 1112 2086 V:
1139 2055 1297 2092 ἀβουλίαν
1314 2053 1345 2083 Μ
1359 2053 1427 2084 VB
1441 2054 1471 2084 O

145 2096 294 2136 (ἀκυμῖαν
328 2097 508 2139 Headlam)
686 2100 751 2138 362
791 2099 824 2131 ἕν
856 2112 913 2131 σου
946 2100 1046 2130 etiam
1078 2103 1125 2132 Σ;
1165 2098 1198 2130 ἕν
1229 2111 1288 2129 που
1322 2097 1473 2136 Scaliger

143 2141 206 2179 363
232 2141 366 2180 Δίδυμος
382 2141 541 2182 μέμφεται
559 2145 637 2174 πᾶσι
653 2144 752 2184 (τρισὶ
765 2143 912 2177 νθττεῑΗ)
927 2143 1053 2174 τούτοις
1071 2147 1095 2176 Σ
1184 2141 1281 2173 πόλιν
1294 2145 1424 2182 Φρυγῶν
1440 2141 1471 2171 Α

143 2185 206 2222 365
233 2184 437 2225 ἐξετόξευσας
455 2186 583 2224 Seager
739 2195 801 2226 372
826 2186 948 2227 πάσχοι
968 2186 1079 2216 Haun.
1102 2190 1135 2216 et
1152 2196 1182 2216 v.
1195 2186 1214 2216 l.
1234 2185 1266 2215 in
1286 2184 1331 2216 P:
1358 2184 1470 2226 πάσχῃ

144 2227 214 2258 rell.
241 2228 294 2260 (ἂν
317 2228 430 2269 πάσχῃ
457 2228 672 2269 Musgrave):
698 2228 811 2271 πάσχῃ
837 2243 878 2261 -ει
903 2234 936 2260 et
961 2243 1003 2261 ·οι
1028 2229 1161 2260 codices
1187 2228 1326 2259 Stobaei
1352 2238 1401 2266 74.
1430 2238 1471 2266 23

143 2271 206 2310 383
231 2271 353 2312 ἀνάγκη
373 2272 398 2301 L
411 2272 448 2302 Ρ2
463 2286 512 2313 γρ.
530 2278 553 2306 Σ
565 2273 593 2302 V
610 2285 616 2303 z
641 2273 795 2315 ἀνάγκαιν
811 2274 830 2312 ἢ
850 2278 906 2315 <ex
925 2273 1079 2314 ἀνάγκαιν
1096 2271 1328 2312 supra-scripto
1347 2270 1470 2312 ἀνάγκη

143 2316 229 2355 orta)
250 2315 319 2344 scre
337 2315 406 2345 rell.
430 2316 578 2356 (duciymu
597 2316 638 2358 P)
