1651 2780
634 93 983 132 ΕΥΡΙΠΙΔΟΥ

241 195 416 247 πρόσθεν
443 194 652 247 μελάθρων
678 196 790 237 τῶνδ’
817 197 1006 249 ὁρωμένη,
1034 197 1184 241 τέκνον.

139 264 212 302 Χο.
242 262 303 302 καὶ
328 261 405 313 μὴν
433 262 490 302 ὅδ’
517 263 727 317 ἀλλόχρως
753 280 811 305 τις
837 264 1003 316 ἔκδημος
1028 265 1139 315 ξένος

241 332 393 386 σπουδῇ
420 328 517 381 πρὸς
541 329 643 380 ἡμᾶς
668 330 862 382 βημάτων
887 332 1107 384 πορεύεται.
1409 340 1472 371 880

141 414 372 444 ΟΡΕΣΤΗΣ

240 472 349 524 ξέναι
375 478 566 526 γυναῖκες,
595 474 620 525 ἧ
643 475 726 516 τάδ’
753 476 837 517 ἔστ’
863 476 1087 530 Ἀχιλλέως

241 540 378 582 παιδὸς
402 541 582 594 μέλαθρα
610 542 672 582 καὶ
697 544 922 594 τυραννικαὶ
949 543 1110 596 στέγαι;

142 610 213 647 Χο.
240 607 377 659 ἔγνως·
415 609 512 660 ἀτὰρ
538 608 583 658 δὴ
612 610 671 650 τίς
698 606 784 660 (σὺ)
810 609 988 666 πυνθάνῃ
1012 611 1102 651 τάδε
1111 628 1123 658 ,-

141 677 215 727 Ορ.
237 674 533 726 Ἀγαμέμνονός
557 691 599 716 τε
629 676 690 715 καὶ
718 676 1049 729 Κλυταιμήστρας
1073 678 1199 724 τόκος,

241 742 366 792 ὄνομα
390 741 423 781 δ’
449 741 656 793 Ὀρέστης·
699 742 867 796 ἔρχομαι
891 745 933 784 δὲ
953 743 1049 795 πρὸς
1076 744 1173 787 Διὸς
1406 751 1471 789 885

242 812 407 859 μαντεῖα
434 808 654 849 Δωδωναῖ’.
731 810 815 850 ἐπεὶ
841 809 874 850 δ’
901 811 1102 863 ἀφικόμην

244 875 386 921 Φθίαν,
413 878 522 916 δοκεῖ
544 892 610 926 μοι
636 873 849 928 ξυγγενοῦς
872 879 1012 927 μαθεῖν
1037 876 1126 930 πέρι

243 942 439 994 γυναικός,
466 943 500 983 εἰ
529 942 573 998 ζῇ
599 943 847 996 κεύτυχοῦσα
870 943 1058 997 τυγχάνει

242 1008 266 1058 ἡ
293 1011 533 1060 Σπαρτιᾶτις
556 1008 759 1062 Ἑρμιόνη·
797 1011 971 1062 τηλουρᾶ
994 1012 1070 1063 γὰρ

245 1074 397 1116 ναίουσ’
423 1076 493 1129 ἀφ’
518 1076 629 1127 ἡμῶν
655 1076 762 1117 πεδί’
788 1077 892 1127 ὅμως
917 1077 1029 1117 ἐστὶν
1054 1078 1169 1130 φίλη.
1409 1085 1475 1124 890

148 1145 218 1195 Ερ.
249 1139 278 1181 ῶ
303 1144 525 1184 ναυτίλοισι
548 1144 738 1196 χείματος
761 1143 881 1194 λιμὴν
908 1144 1047 1196 φανεὶς

244 1208 543 1262 Ἀγαμέμνονος
566 1214 650 1256 παῖ,
677 1210 775 1263 πρός
800 1227 849 1251 σε
873 1213 997 1252 τῶνδε
1021 1210 1235 1264 γουνάτων,

248 1277 418 1328 οἴκτιρον
441 1277 543 1328 ἡμᾶς
567 1278 622 1318 ῶν
648 1278 879 1320 ἐπισκοπεῖς
903 1279 1038 1331 τύχας,

248 1342 506 1395 πράσσοντας
532 1343 600 1384 οὐκ
627 1345 680 1385 εὖ.
754 1344 989 1396 στεμμάτων
1014 1345 1047 1385 δ’
1074 1345 1148 1400 οὐχ
1172 1346 1352 1397 ἥσσονας

249 1415 337 1453 σοῖς
362 1412 602 1463 προστίθημι
627 1412 794 1464 γόνασιν
820 1411 970 1454 ὠλένας
995 1412 1103 1463 ἐμάς.
1412 1419 1475 1458 895

148 1480 221 1530 Ορ.
248 1477 306 1518 ἕα·

248 1545 288 1584 τί
311 1546 462 1598 χρῆμα,·
500 1549 583 1597 μῶν
608 1545 832 1598 ἐσφάλμεθ’
856 1542 880 1596 ἢ
907 1550 1048 1599 σαφῶς
1073 1547 1148 1598 ὁρῶ

248 1612 378 1663 δόμων
403 1611 587 1652 ἄνασσαν
611 1611 727 1662 τήνδε
753 1612 943 1653 Μενέλεω
968 1614 1104 1665 κόρην;

150 1682 219 1732 Ερ.
252 1679 376 1730 ἥνπερ
400 1679 524 1729 μόνην
549 1696 595 1730 γε
618 1679 812 1731 Τυνδαρὶς
836 1680 957 1720 τίκτει
982 1679 1078 1731 γυνὴ

249 1745 397 1796 Ἑλένη
425 1745 505 1785 κατ’
531 1746 659 1787 οἴκους
684 1747 814 1797 πατρί·
851 1748 972 1797 μηδὲν
998 1747 1144 1798 ἀγνόει.

149 1815 222 1865 Ορ.
254 1810 283 1852 ὦ
309 1812 430 1863 Φοῖβ’
456 1811 638 1865 ἀκέστορ,
665 1811 854 1864 πημάτων
879 1814 986 1863 δοίης
1010 1813 1142 1854 λύσιν.
1414 1827 1478 1859 900

251 1880 291 1920 τί
311 1882 463 1933 χρῆμα;
501 1879 598 1932 πρὸς
623 1882 722 1920 θεῶν
748 1876 771 1930 ἦ
796 1883 952 1932 βροτῶν
977 1879 1151 1934 πάσχεις
1177 1879 1294 1927 κακά;

152 1949 221 1998 Ερ.
252 1948 301 1986 τὰ
325 1949 397 1997 μὲν
423 1945 519 1998 πρὸς
543 1947 664 1998 ἡμῶν,
691 1947 739 1986 τὰ
764 1949 805 1987 δὲ
831 1946 927 1999 πρὸς
952 1947 1092 2000 ἀνδρὸς
1117 1948 1159 1989 ὅς
1183 1947 1222 1998 μ’
1248 1948 1345 2001 ἔχει,

194 2041 257 2078 878
289 2039 352 2070 del.
382 2039 501 2070 Nauck
626 2041 691 2071 880
722 2041 877 2081 βημάτων
901 2040 1057 2072 Brunck:
1090 2041 1243 2080 δωμάτων
1267 2041 1362 2072 codd.
1388 2040 1479 2083 (πρὸς

152 2085 223 2123 ἠχὼ
241 2083 393 2123 δωμάτων
408 2083 550 2122 Verrall,
569 2084 610 2115 cl.
630 2084 734 2124 Hipp.
754 2086 831 2123 791>
929 2085 992 2123 883
1017 2086 1055 2123 δὴ
1072 2085 1121 2117 τίς
1139 2085 1178 2116 σὺ
1196 2085 1326 2115 Barnes
1343 2096 1350 2115 ε
1373 2085 1412 2123 δὴ
1429 2085 1478 2117 τίς

152 2127 194 2157 ὢν
213 2127 308 2157 codd.
326 2128 390 2165 (τίς
407 2130 450 2159 ὥν
465 2142 505 2169 γε
522 2128 554 2158 l:
579 2129 617 2167 δὴ
631 2128 689 2169 (πῆ
707 2133 742 2158 ut
759 2128 824 2159 vid.
841 2127 896 2168 vz)
915 2128 1054 2170 πυνθάνῃ
1071 2129 1120 2160 τίς
1137 2129 1180 2160 ὢν
1192 2127 1235 2158 V²
1249 2127 1380 2167 Haun.)
1397 2140 1403 2158 ι
1428 2128 1478 2160 τίς

152 2172 196 2201 ὢν
227 2171 267 2202 σὺ
294 2171 506 2203 Valckenaer
663 2173 726 2211 884
762 2173 1043 2213 κλυταιμνήστρας
1071 2173 1168 2202 codd.
1285 2171 1382 2212 γόνος
1408 2171 1478 2202 ΒΟ

152 2214 216 2253 892
239 2215 407 2255 γουνάτων
424 2215 452 2245 Β
464 2216 490 2245 P
506 2227 513 2246 ε
535 2215 684 2257 γονάτων
701 2215 772 2247 rell.
905 2216 968 2255 894
993 2217 1018 2248 δ’
1036 2226 1099 2245 om.
1123 2216 1148 2245 L
1290 2217 1353 2255 897
1377 2217 1477 2247 τῶνδε

154 2257 291 2288 Brunck
401 2260 465 2298 898
488 2265 564 2301 Xop.
578 2259 682 2299 praef.
699 2259 730 2289 M
745 2259 772 2289 Β
859 2258 940 2298 μόνη
956 2259 987 2289 Μ
1002 2259 1028 2289 Β
1041 2259 1071 2289 O
1085 2259 1112 2289 L
1127 2270 1133 2289 ε
1158 2269 1241 2290 corr.
1262 2258 1296 2290 L¹
1378 2257 1478 2299 γυνὴ]

154 2301 231 2342 κόρη
246 2302 272 2332 L
290 2302 431 2333 fortasse
450 2308 540 2334 recte
673 2304 737 2342 899
761 2301 891 2340 Ἑλένης
907 2302 951 2334 L:
978 2312 1062 2333 corr.
1083 2303 1096 2332 l
1226 2313 1291 2341 900
1315 2302 1478 2343 Ἀκέστωρ

153 2344 286 2376 ABP:
320 2360 372 2388 γρ,
404 2345 550 2378 ἀκέστων
582 2351 606 2380 Σ
641 2347 687 2385 (=
707 2349 906 2387 θεραπευτῶν
937 2345 1035 2385 μόνον
1063 2348 1164 2379 θεοΐςτ
1204 2346 1348 2377 sortasse
1374 2345 1477 2376 voluit

156 2389 399 2431 φοιβακέστων)
525 2400 585 2429 901
614 2390 734 2430 πάσχει
754 2389 781 2419 Β
795 2389 824 2419 O
915 2389 996 2421 κακά
1015 2389 1039 2419 L
1054 2389 1079 2419 P
1090 2389 1130 2419 V²
1146 2401 1152 2419 :
1177 2389 1275 2422 κακόν
1291 2389 1321 2419 Α
1332 2389 1361 2419 V
1372 2389 1399 2419 B
1411 2394 1435 2423 Σ
