1683 2732
644 63 1015 100 ΙΠΠΟΛΤΤΟΣ

187 193 241 201 -
265 166 328 207 καὶ
351 165 429 217 μὴν
453 165 601 206 ὀπαδὸν
625 165 865 207 Ἱππολύτου
889 166 992 206 τόνδ’
1019 168 1161 218 εἰσορῶ

262 235 414 290 σπουδῇ
440 232 674 285 σκυθρωπὸν
699 231 795 284 πρὸς
820 233 962 282 δόμους
988 233 1227 283 ὁρμώμενον.

164 317 392 347 ΑΓΓΕΛΟΣ

162 577 234 614 Χο.

163 643 236 692 Αγ.

163 841 241 889 Θη.

167 1439 244 1487 Θη.

261 379 331 416 ποῖ
353 378 424 427 γῆς
448 375 597 416 ἄνακτα
621 377 744 425 τῆσδε
771 374 915 425 Θησέα
939 375 1075 426 μολὼν

262 441 405 494 εὕροιμ’
431 441 490 488 ἄν,
518 440 547 481 ὦ
574 445 773 494 γυναῖκες;
814 443 921 493 εἴπερ
946 443 1035 481 ἴστε
1058 457 1125 492 μοι

262 507 468 559 σημήνατ’·
507 508 581 559 ἆρα
607 511 732 548 τῶνδε
756 507 945 559 δωμάτων
970 507 1072 554 ἕσω;

262 573 319 614 ὅδ’
345 573 460 616 αὐτὸς
487 573 561 624 ἔξω
589 573 780 625 δωμάτων
805 575 1024 626 πορεύεται.

264 642 416 690 Θησεῦ,
443 640 634 692 μερίμνης
658 640 770 690 ἄξιον
795 639 903 692 φέρω
930 641 1054 691 λόγον

262 707 328 746 σοὶ
355 706 417 746 καὶ
441 707 624 748 πολίταις
650 707 689 746 οἵ
711 705 744 744 τ’
771 705 992 756 Ἀθηναίων
1016 706 1138 746 πόλιν

263 773 418 813 ναίουσι
444 772 506 812 καὶ
533 774 605 824 γῆς
631 771 821 824 τέρμονας
843 772 1074 824 Τροζηνίας.

261 839 301 879 τί
323 838 355 878 δ’
383 838 488 885 ἔστω
528 842 612 888 μῶν
638 855 697 880 τις
723 839 910 890 συμφορὰ
935 837 1106 889 νεωτέρα

262 907 406 947 δισσὰς
433 905 641 958 κατείληφ’
672 905 954 957 ἀστυγείτονας
978 905 1135 949 πόλεις;

229 1003 236 1011 .
262 971 500 1013 Ἱππόλυτος
526 971 652 1012 οὐκέτ’
681 973 802 1017 ἔστιν,
832 971 883 1013 ὡς
908 972 1032 1011 εἰπεῖν
1058 971 1164 1012 ἔπος·

263 1037 421 1090 δέδορκε
445 1038 581 1088 μέντοι
609 1042 695 1090 φῶς
721 1038 783 1078 ἐπὶ
811 1040 978 1089 σμικρᾶς
1001 1038 1136 1088 ῥοπῆς.

238 1135 245 1145 .
267 1104 364 1156 πρὸς
389 1108 476 1151 τοῦ,·
515 1104 563 1144 δι’
592 1105 735 1157 ἔχθρας
760 1108 843 1155 μῶν
869 1121 926 1146 τις
952 1103 999 1154 ἦν
1024 1101 1255 1156 ἀφιγμένος,

264 1172 354 1211 ὅτου
380 1170 594 1227 κατῄσχυν’
622 1171 772 1224 ἄλοχον
800 1171 850 1212 ὡς
875 1170 1020 1222 πατρὸς
1045 1169 1135 1223 βίιμ

230 1268 238 1278 .
265 1239 407 1279 οἰκεῖος
433 1237 550 1278 αὐτὸν
578 1237 698 1278 ὥλεσ’
724 1237 908 1289 ἁρμάτων
933 1239 1028 1291 ὄχος

267 1305 361 1356 ἀραί
382 1321 425 1345 τε
449 1307 517 1343 τοῦ
543 1307 616 1343 σοῦ
643 1305 850 1354 στόματος,
878 1304 923 1345 ἃς
949 1303 998 1343 σὺ
1024 1307 1082 1358 σῷ
1108 1303 1224 1353 πατρὶ

264 1372 409 1411 πόντου
436 1369 588 1421 κρέοντι
613 1370 752 1412 παιδὸς
775 1369 912 1422 ἡράσω
938 1369 1039 1422 πέρι.

263 1435 292 1477 ὦ
318 1437 399 1477 θεοὶ
425 1437 626 1478 Πόσειδόν
653 1437 700 1483 θ’,
729 1437 779 1479 ὡς
804 1435 862 1488 ἄρ’
888 1435 978 1486 ἧσθ’
1005 1436 1096 1487 ἐμὸς
1122 1434 1248 1487 πατὴρ

266 1505 401 1555 ὀρθῶς,
430 1504 602 1545 ἀκούσας
628 1508 706 1544 τῶν
731 1505 835 1554 ἐμῶν
862 1502 1152 1555 κατευγμάτων.

265 1573 347 1612 πῶς
373 1570 435 1610 καὶ
460 1570 633 1616 διώλετ’,·
673 1569 771 1611 εἶπέ·
809 1574 862 1625 τῷ
887 1571 1017 1624 τρόπῳ
1048 1569 1172 1619 Δίκης

266 1637 431 1678 ἔπαισεν
457 1637 576 1677 αὐτὸν
600 1637 772 1689 ῥόπτρου
797 1636 1029 1689 αἰσχύναντ’
1055 1635 1142 1687 ἐμέ;

232 1734 240 1744 .
266 1704 376 1754 ἡμεῖς
401 1706 473 1755 μὲν
499 1704 617 1754 ἀκτῆς
645 1703 932 1756 κυμοδέγμονος
956 1704 1081 1745 πέλας

267 1769 511 1823 ψήκτραισιν
538 1772 669 1811 ἵππων
696 1771 940 1821 ἐκτενίζομεν
966 1771 1103 1823 τρίχας

268 1838 485 1879 κλαίοντες·
523 1836 621 1888 ἦλθε
648 1837 722 1890 γάρ
748 1854 805 1879 τις
829 1842 1002 1889 ἄγγελος
1027 1835 1159 1888 λέγων

374 1903 383 1917 5

269 1904 319 1945 ὡς
344 1903 467 1944 ουκέτ’
494 1905 536 1944 ἐν
560 1910 611 1961 γῇ
635 1904 718 1960 τῇδ’
745 1903 993 1957 ἀναστρέψοι
1018 1903 1120 1944 πόδα

268 1969 515 2016 Ἱππόλυτος,
543 1972 586 2011 ἐκ
612 1974 686 2011 σοῦ
711 1969 911 2022 τλήμονας
937 1972 1067 2023 φυγὰς
1092 1969 1208 2022 ἔχων.

1407 519 1487 549 1155

1408 840 1490 871 1160

1410 1172 1491 1210 1165

1414 1512 1495 1544 1170

1415 1845 1495 1876 1175

215 2072 294 2102 1151
322 2062 573 2102 Paragraphum
599 2064 761 2103 apposui:
796 2063 887 2104 ἡμιχ.
908 2063 1035 2094 VLP:
1061 2075 1132 2103 χορ.
1151 2061 1205 2092 M:
1239 2059 1332 2090 nulla
1357 2063 1438 2090 nota
1464 2060 1495 2089 in

170 2106 241 2136 rell.
415 2116 496 2146 1153
528 2117 600 2146 sqq.
623 2105 804 2148 ’Ἀγ-γελος]
835 2107 977 2148 θεράπων
1001 2105 1197 2143 Wecklein,
1226 2104 1265 2134 cl.
1291 2114 1342 2134 vv.
1379 2104 1422 2134 88
1445 2113 1494 2142 sq.

168 2151 228 2181 ποῦ
244 2154 278 2180 et
294 2149 387 2182 τόνδε
406 2149 438 2179 Μ
591 2151 673 2189 1165
698 2152 822 2191 ἄλοχον
840 2153 875 2182 ἐκ
891 2151 1009 2191 πατρὸς
1025 2149 1056 2179 V
1069 2149 1094 2179 P
1201 2149 1241 2180 ὡς
1257 2149 1316 2178 τοῦ
1333 2156 1497 2186 suprascr.

168 2193 209 2222 V*
335 2203 416 2232 1172
442 2193 631 2234 αἷσχύναντ’
651 2193 709 2234 ἐμέ
726 2193 758 2224 Μ
770 2194 820 2225 A:
847 2193 902 2225 -τά
913 2207 953 2233 με
968 2192 1014 2222 Μ2
1031 2192 1102 2223 rell.
1232 2199 1314 2229 1175
1339 2190 1497 2222 κλάοντες

171 2236 197 2266 Β
210 2236 236 2266 L
250 2236 275 2266 P
364 2235 458 2277 ἦλθε]
473 2235 532 2274 ἧκε
547 2235 696 2267 Heiland
845 2238 926 2276 1176
951 2234 1145 2278 ἀναστρέψω
1164 2234 1191 2265 Β
1203 2234 1229 2265 Ρ
1241 2234 1270 2264 D
1284 2234 1314 2264 N
1330 2245 1335 2264 t
1362 2236 1427 2275 -ψει
1453 2233 1478 2263 L
1493 2244 1497 2262 2

170 2287 239 2319 -φοι
265 2279 424 2310 MAVO
606 2290 685 2319 1177
718 2281 880 2321 τλήμονος
903 2280 944 2318 A,
