1683 2732
596 114 992 152 ΑΝΔΡΟΜΑΧΗ

237 216 417 268 γυναικὸς
442 217 567 270 ἔσχον
590 217 642 267 μὴ
669 220 834 262 κτανεῦῃ
863 217 1130 268 ἐσακρρόνουν.

237 283 316 325 οὐδ’
342 283 390 324 ἂν
415 285 463 324 σὲ
489 286 630 323 Φῶκον
654 282 799 333 ἤθελον
826 287 1093 324 κατακτανεῖν.

302 349 475 391 ταῦτἐῧ
499 353 657 402 φρονῶν
683 348 1029 400 σ’ἐπῆλθον,οὐκ
1055 350 1173 402 ὀργῆς
1197 348 1326 403 χάραν

235 413 283 466 ἢν
308 416 340 456 δ’
366 415 568 472 ὀξυθυμῇς,
596 417 661 457 σοὶ
685 417 757 467 μὲν
781 416 804 466 ἡ
830 417 1100 468 γλωσσαλγία

232 483 386 534 μείζων,
414 483 499 534 ἐμοὶ
524 485 566 524 δὲ
590 482 724 535 κέρδος
747 483 770 533 ἡ
796 483 1003 534 προμηθία.
1398 487 1462 526 690

134 552 206 590 Xo.
233 550 469 591 παύσασθον
493 549 579 600 ἤδη·
616 553 755 604 λῷστα
779 551 853 601 γὰρ
878 552 1011 603 μακρῷ
1037 547 1140 590 τάδε·

233 616 367 668 λόγων
390 616 751 668 ματαάυν,μύ7δύο
777 615 1073 667 σφαλῆθ’ἅμα.

134 685 211 733 Πη.
233 683 350 733 οἴμοι,
379 682 462 722 καθ’
488 681 655 722 Ἑλλάδ’
680 682 731 724 ὡς
757 686 883 724 κακῶς
907 683 1116 732 νομίζεται·

234 749 328 789 ὅταν
352 752 520 801 τροπαῖα
544 749 744 799 πολεμίων
770 747 903 804 στήσῃ
929 749 1109 799 στρατός,

232 815 277 855 οὐ
301 819 379 855 τῶν
405 815 631 855 πονούντων
655 815 821 867 τοῦργον
845 815 1032 867 ἡγοῦνται
1057 815 1158 860 τόδε,
1398 819 1459 861 695

233 881 324 921 ἀλλ)
350 882 370 921 ὁ
396 881 617 933 στρατηγὸς
642 881 712 931 τὴν
737 882 901 931 δόκηοπν
926 880 1097 933 ἅρνυταω

232 946 273 989 ὃς
299 948 353 990 εἷς
377 947 461 999 μετ’
485 946 623 988 ἄλλων
647 949 793 999 μυρίων
817 947 984 988 πάλλων
1009 948 1114 1000 δόρυ,

232 1014 344 1054 οὐδὲν
369 1013 492 1054 πλέον
517 1017 617 1066 δρῶν
642 1013 729 1056 ἑνὸς
752 1014 984 1066 ἔχει’πλεάο
1009 1014 1146 1066 λόγον.

232 1081 371 1130 σεμνοὶ
396 1080 497 1121 δ’ἐν
522 1081 662 1133 ἀρχαῖς
687 1080 824 1131 ἥμενοι
849 1082 947 1121 κατὰ
970 1081 1113 1121 πτόλιν

231 1150 424 1199 φρονοῦσι
450 1145 572 1197 δήμου
596 1147 741 1197 μεῖζον,
767 1148 878 1188 ὄντες
902 1146 1071 1189 οὐδένες·
1394 1159 1459 1190 700

230 1215 265 1253 οἱ
290 1212 322 1253 δ’
348 1213 450 1253 εἰσὶν
476 1212 601 1253 αὐτῶν
624 1215 746 1267 μυρίῳ
773 1214 1009 1265 σοφώτεροι,

230 1280 263 1319 εἰ
289 1280 416 1330 τόλμα
441 1279 704 1331 προσγένοιτο
728 1280 928 1330 βούλησίς
952 1279 987 1319 θ’
1013 1279 1105 1330 ἅμα.

231 1345 282 1388 ὡς
308 1347 369 1386 καὶ
398 1346 447 1386 σὺ
473 1346 543 1387 σός
566 1345 599 1385 τ’
624 1346 798 1398 ἀδελφὸς
822 1345 1096 1398 ἐξωγκωμένοι

228 1413 353 1466 Τροίᾳ
377 1412 552 1463 κάθησθε
576 1412 620 1468 τῇ
647 1411 788 1453 τ’ἐκεῖ
810 1414 1041 1466 στρατηγίᾳ,

228 1479 442 1531 μόχθοισιν
466 1478 602 1519 ἄλλων
628 1479 691 1519 καὶ
715 1479 850 1520 πόνοις
876 1479 1096 1531 ἐπηρμένοι.
1388 1492 1454 1524 705

228 1544 341 1595 δείξω
368 1545 399 1585 δ’
428 1545 504 1597 ἐγώ
531 1562 596 1585 σοι
619 1545 672 1596 μὴ
696 1545 765 1586 τὸν
790 1545 933 1586 Ἰδαῖον
958 1545 1088 1596 Πάριν

226 1610 342 1661 ἥσσω
367 1613 537 1662 νομίζειν
563 1611 732 1662 Πηλέως
756 1613 901 1665 ἐχθρόν
925 1629 1034 1658 ποτε,

227 1679 260 1718 εἶ
283 1677 335 1729 μὴ
362 1679 488 1734 φθερῇ
514 1678 627 1728 τῆσδ’
653 1679 704 1720 ὡς
728 1677 887 1732 τάχιστ’
912 1679 990 1719 ἀπὸ
1015 1677 1161 1730 στέγης

228 1745 290 1785 καὶ
315 1748 407 1786 παῖς
430 1744 603 1791 ἄτεκνος,
628 1743 676 1795 ἣν
701 1745 723 1784 ὅ
747 1744 783 1797 γ’
810 1744 856 1795 ἐξ
876 1745 986 1796 ἡμῶν
1009 1745 1137 1797 γεγὼς

227 1813 299 1866 ἐλᾷ
324 1811 372 1851 δι’
398 1812 512 1851 οἴκων
537 1809 642 1861 τήνδ’
668 1811 897 1852 ἐπισπάσας
923 1812 1054 1862 κόμης·
1389 1824 1406 1855 7
1415 1825 1454 1847 ¹0

224 1876 247 1927 ἢ
275 1877 437 1930 στερρὸς
462 1878 563 1918 οὖσα
586 1877 741 1930 μόσχος
765 1877 832 1917 οὐκ
857 1876 1037 1928 ἀνέξεται

226 1945 427 1986 τίκτοντας
452 1943 612 1991 ἄλλους,
639 1945 707 1985 οὐκ
733 1943 868 1997 ἔχουσρ
894 1943 990 1994 αὐτὴ
1015 1943 1144 1985 τέκνα.

167 2037 232 2067 686
249 2039 354 2069 θανεῖν
368 2036 398 2067 Ο
412 2036 438 2067 Ρ
541 2037 605 2067 688
623 2035 713 2068 ταῦτ’
729 2036 759 2067 εἶ
774 2035 806 2065 Μ
821 2047 826 2066 ;
843 2036 936 2067 ταυτὶ
954 2039 990 2065 ut
1007 2035 1074 2066 vid.
1089 2035 1135 2065 Μ2
1237 2035 1302 2075 689
1319 2035 1452 2077 ὄξυθυμῇ

126 2080 274 2119 Blaydes
416 2081 481 2119 694
505 2079 656 2122 τρόπαιον
675 2079 792 2110 Iulian.
814 2079 911 2109 Caes.
929 2089 961 2118 p.
980 2088 1041 2118 331
1059 2078 1086 2108 B
1230 2080 1294 2118 698
1319 2079 1407 2120 ἔχεις
1427 2079 1453 2109 Ρ

126 2133 188 2161 700
212 2122 339 2155 οὐδενός
357 2122 389 2153 Μ
403 2123 443 2153 V²
455 2123 485 2153 O
504 2124 569 2164 (γρ.
589 2122 713 2155 οὐδένες
731 2122 780 2161 Μ)
890 2132 949 2161 701
976 2123 1092 2163 μυρίων
1110 2121 1154 2153 P:
1178 2122 1280 2163 μυρίοι
1299 2122 1452 2161 Scaliger

125 2176 186 2205 702
211 2166 382 2203 βούλευσις
394 2176 423 2196 ν.
441 2166 460 2196 l.
478 2166 512 2196 in
526 2171 549 2199 Σ
652 2176 711 2204 707
735 2166 831 2205 μείζω
846 2165 871 2196 Ρ
885 2166 990 2205 (ἥσσω
1004 2166 1104 2196 etiam
1119 2165 1157 2203 Σ)
1172 2176 1178 2197 ;
1203 2167 1262 2197 σοῦ
1278 2189 1285 2196 .
1306 2188 1314 2196 .
1334 2188 1342 2196 .
1359 2166 1451 2203 ἥσσω

124 2208 258 2249 νομίζων
273 2209 473 2240 Kirchhoff:
493 2210 531 2248 νὴ
543 2210 602 2242 τὸν
618 2208 742 2249 Ἰδαῖον,
760 2209 857 2251 Πάριν
870 2208 1014 2248 Verrall‚
1030 2209 1070 2240 cl.
1085 2219 1114 2239 v.
1130 2210 1195 2247 603
1209 2219 1216 2240 :
1242 2209 1382 2240 sortasse
1399 2210 1450 2241 καὶ

123 2262 186 2292 pro
202 2252 246 2292 μή
264 2252 445 2292 legendum
522 2252 637 2294 ἐχθρόν
652 2266 689 2285 τε
706 2266 785 2285 ποτε
810 2253 842 2282 Μ
936 2263 999 2293 709
1022 2253 1060 2291 ἢν
1078 2253 1094 2284 ὅ
1109 2253 1142 2293 ’γ’
1162 2252 1265 2283 Ludv.
1283 2252 1449 2283 Dindorf:

124 2296 163 2333 ἣν
185 2295 230 2328 ὅδ’
249 2296 344 2327 codd.
367 2296 424 2334 (σὴ
441 2296 486 2328 ὅδ’
504 2295 547 2335 V)
568 2295 602 2336 (ἧ
620 2309 667 2329 νιν
684 2297 738 2337 οὸξ
755 2295 972 2337 Heimsoeth)
1068 2306 1131 2334 710
1162 2297 1255 2333 τῆσδ’
1283 2297 1308 2326 Ρ
1325 2308 1331 2327 t
1354 2296 1449 2328 τῶνδ’

126 2339 316 2378 Musgrave.
364 2339 433 2370 Sed
451 2339 490 2369 cs.
511 2340 576 2378 650
688 2349 746 2378 711
774 2341 905 2381 στερρὸς
923 2339 955 2370 Μ
972 2339 998 2370 Β
1013 2339 1043 2370 O
1059 2350 1065 2369 :
1091 2342 1214 2382 στεῖρος
1232 2339 1303 2371 rell.
1325 2339 1446 2379 (gloss.

125 2383 260 2415 ἀττικῶς
275 2381 322 2421 V)

211 2432 292 2456 mm.
314 2433 335 2455 1.
1277 2427 1315 2458 19
