1651 2780
663 121 845 158 ΕΎΡΙΙΙ
862 122 870 157 Ι
886 121 1008 158 ΔΟὙ

266 222 371 273 πλὴν
397 226 449 277 τῷ
475 224 627 264 τεκόντι
654 223 774 275 κάρτα
798 223 1002 273 δυσμαθης
1028 224 1137 264 ἰδεῖν·

265 289 345 329 οὔτ’
369 289 554 340 ὀμμάτων
579 292 654 342 γὰρ
678 292 799 339 δῆλος
825 289 871 340 ἦν
898 289 1140 332 κατάστασις

265 355 345 395 οὔτ’
370 357 514 408 εὐφυὲς
539 357 774 408 πρόσωπον,
801 357 896 407 αἷμα
920 356 952 395 δ’
979 355 1024 406 ἐξ
1044 356 1163 409 ἄκρου

265 422 407 472 ἔσταξε
435 423 573 474 κρατὸς
599 423 934 475 συμπεφυρμένον
961 425 1064 475 πυρί,

266 488 408 540 σάρκες
434 489 466 528 δ’
493 489 559 529 ἀπ’
587 488 740 530 ὀστέων
764 490 869 530 ὥστε
894 490 1076 531 πεύκινον
1102 489 1221 542 δάκρυ
1405 503 1488 526 1200

265 557 455 607 γναθμοῖς
480 555 643 606 ἀδήλοις
669 556 888 608 φαρμάκων
913 556 1116 609 ἀπέρρεον,

265 621 393 662 δεινὸν
419 621 557 673 θέαμα·
594 625 698 663 πᾶσι
723 622 754 663 δ’
779 621 827 673 ἣν
852 624 984 675 φόβος
1009 626 1134 675 θιγεῖν

265 691 415 740 νεκροῦ·
453 689 577 741 τύχην
601 691 678 742 γὰρ
702 691 862 742 εἴχομεν
887 688 1144 730 διδάσκαλον.

325 751 454 804 πατὴρ
479 750 512 792 δ’
537 752 559 792 ὁ
583 751 744 804 τλήμων
769 757 977 807 συμφορᾶς
1003 755 1183 809 ἀγνωσία

266 819 379 871 ἄφνω
406 821 642 872 προσελθὼν
666 823 775 871 δῶμα
800 821 1034 872 προσπίτνει
1059 825 1194 876 νεκρῷ·
1404 835 1489 865 1²05

265 885 404 940 ᾤμωξε
428 886 461 926 δ’
489 885 614 931 εὐθύς,
644 887 706 927 καὶ
731 886 967 938 περιπτύξας
991 887 1111 940 χέρας

267 956 374 992 κυνεῖ
395 955 630 1004 προσαυδῶν
655 952 790 992 τοιάδ’·
822 951 880 992 '52
906 953 1074 1003 δύστηνε
1097 957 1180 999 παῖ,

265 1019 323 1060 τίς
350 1019 387 1057 σ’
413 1018 478 1058 ὧδ’
504 1019 651 1069 ἀτίμως
676 1019 873 1069 δαιμόνων
899 1019 1104 1066 ἆπώλεσε;

265 1086 323 1126 τίς
348 1084 417 1125 τὸν
441 1085 609 1138 γέροντα
633 1084 787 1136 τύμβον
811 1085 988 1138 ὀρφανὸν
1013 1085 1130 1126 σέθεν

264 1152 443 1202 τίθησιν,·
480 1153 598 1202 οἴμοι,
628 1150 865 1202 συνθάνοιμί
886 1168 964 1198 σοι,
992 1151 1143 1193 τέκνον.
1409 1165 1492 1189 1210

267 1219 351 1258 ἐπεὶ
377 1219 419 1258 δὲ
444 1217 597 1270 θρήνων
624 1218 686 1258 καὶ
711 1219 817 1270 γόων
841 1218 1055 1264 ἐπαύσατο,

264 1285 419 1340 χρῄζων
445 1284 605 1336 γεραιὸν
630 1284 900 1336 ἐξαναστῆσαι
924 1284 1043 1335 δέμας

265 1351 494 1404 προσείχεθ’
520 1352 625 1393 ὥστε
651 1351 793 1393 κισσὸς
817 1352 972 1403 ἕρνεσιν
998 1351 1151 1404 δάφνης

263 1422 453 1458 λεπτοῖσι
478 1417 658 1464 πέπλοις,
686 1420 794 1458 δεινὰ
819 1418 851 1458 δ’
877 1417 924 1468 ἧν
950 1420 1221 1469 παλαίσματα·

263 1483 284 1523 δ
310 1486 381 1534 μὲν
406 1486 480 1536 γὰρ
505 1484 614 1535 ἤθελ’
640 1482 911 1535 ἐξαναστῆσαι
935 1485 1042 1536 γόνυ,
1407 1498 1490 1529 ¹²15

262 1549 287 1600 ἢ
313 1550 345 1590 δ’
372 1550 610 1601 ἀντελάζυτ’.
684 1553 718 1592 εἰ
744 1553 785 1591 δὲ
812 1550 906 1603 πρὸς
931 1553 1026 1602 βίαν
1052 1551 1153 1604 ἄγοι,

266 1616 414 1668 σάρκας
440 1619 599 1670 γεραιὰς
625 1617 853 1669 ἐσπάρασσ’
879 1617 944 1658 ἀπ’
969 1617 1133 1659 ὀστέων.

264 1684 394 1738 χρόνῳ
420 1683 452 1723 δ’
479 1683 642 1735 ἀπέσβη
670 1685 732 1725 καὶ
757 1684 897 1737 μεθῆχ’
923 1684 943 1723 ὁ
969 1684 1162 1736 δύσμορος

264 1749 415 1803 ψυχήν·
453 1754 572 1790 κακοῦ
595 1752 669 1803 γὰρ
695 1749 820 1791 οὐκέτ’
846 1749 894 1801 ἦν
916 1749 1139 1802 ὑπέρτερος.

267 1819 414 1856 κεῖνται
439 1819 480 1857 δὲ
507 1818 635 1869 νεκροὶ
661 1820 752 1859 παῖς
776 1834 819 1858 τε
845 1818 906 1857 καὶ
931 1816 1057 1869 γέρων
1084 1816 1212 1868 πατὴρ
1410 1829 1491 1852 1220

269 1879 408 1926 πέλας,
435 1880 596 1933 ποθεινὴ
622 1883 827 1936 δακρύοισι
852 1883 1053 1936 συμφορά.

211 1986 291 2007 1201
319 1976 449 2014 ἀδήλοις
470 1975 623 2006 AVBl:
654 1975 782 2018 ἀδήλων
800 1975 826 2005 L
844 1980 877 2005 et
900 1976 974 2006 sine
997 1975 1095 2006 dubio
1116 1975 1166 2005 P:
1189 1977 1339 2015 γναθμῶν
1361 1974 1490 2012 ἀδήλοις

164 2019 340 2060 φαρμάκοις
367 2024 403 2059 p,
432 2024 465 2049 et
497 2019 586 2049 idem
619 2020 776 2049 crederes
808 2018 965 2048 habuisse
997 2024 1033 2057 Σ,
1063 2020 1093 2050 αι’
1125 2017 1239 2059 σάρκες
1270 2021 1335 2049 τῶν
1364 2017 1491 2059 γνάθων

165 2062 334 2103 κατέρρεον
356 2063 415 2094 ὑπὸ
434 2065 499 2094 τῶν
521 2063 720 2100 ἀδηλοποιῶν
742 2061 914 2103 φαρμάκων
937 2062 1000 2091 nisi
1023 2061 1206 2092 addidisset
1229 2062 1340 2099 δοτικὴ
1362 2060 1397 2093 δὲ
1419 2061 1490 2093 ἀντὶ

164 2108 222 2143 τῆς
252 2108 384 2146 γενικῆς
579 2115 660 2144 1205
694 2106 859 2146 παρελθὼν
890 2105 1009 2135 Nauck
1152 2107 1344 2145 προσπιτνεΐ
1373 2104 1399 2134 L
1412 2104 1438 2134 P
1448 2114 1490 2134 v:

164 2149 358 2186 προσπίπτει
374 2148 446 2179 AV
457 2149 484 2179 B
615 2149 698 2179 1206
721 2160 818 2189 χερας
836 2147 861 2177 L
874 2147 900 2177 P
917 2159 923 2177 ε
947 2148 1042 2187 δέμας
1058 2147 1088 2177 Α
1099 2147 1129 2178 V
1140 2147 1167 2178 B
1299 2157 1379 2185 1207
1404 2149 1493 2179 κυνεΐ

165 2191 213 2220 V:
239 2191 325 2223 κύνει
342 2191 411 2221 ΑΒ
425 2193 451 2222 L
464 2192 490 2222 P
579 2192 651 2232 παῖ]
670 2192 710 2223 σὺ
725 2191 756 2220 V
771 2202 777 2220 :
800 2203 850 2232 γρ.
872 2193 932 2222 παῖ
945 2201 1112 2229 suprascr.
1132 2201 1152 2220 v
1286 2190 1369 2221 1208
1392 2191 1441 2222 τίς
1458 2190 1489 2222 σ’

166 2234 191 2263 L
205 2233 231 2263 B
249 2239 282 2265 et
299 2245 318 2264 v
334 2239 391 2264 aut
407 2235 470 2266 V1:
496 2235 546 2267 τίς
562 2234 591 2264 V
603 2234 650 2265 P:
674 2235 723 2267 τίς
740 2235 767 2266 δ’
783 2234 814 2264 Α
972 2243 1051 2264 1212
1077 2232 1188 2273 δέμας]
1205 2247 1257 2275 γρ.
1276 2233 1360 2266 πόδα
1374 2234 1394 2272 ἢ
1410 2233 1490 2274 γόνυ

165 2281 188 2310 Σ
202 2277 229 2307 Β
353 2288 433 2316 1214
459 2280 607 2310 λεπνοῖσι
624 2277 655 2308 Α
776 2286 857 2316 1215
883 2277 1099 2317 ἐξανασπάσαι
1117 2277 1233 2308 Nauck
1320 2275 1417 2317 γόνυ]
1433 2289 1484 2317 γρ.

164 2320 260 2360 δέμας
277 2331 297 2351 v
388 2322 471 2351 1216
494 2320 685 2360 ἀντελάζυτ’
704 2320 730 2351 L
744 2320 787 2351 P:
814 2320 1001 2360 ἀντελάζετ’
1017 2320 1049 2350 Α
1060 2320 1090 2349 V
1102 2320 1160 2360 Bp
1252 2320 1335 2350 1218
1359 2318 1488 2356 ἀπέσβη

163 2366 335 2407 Scaliger:
363 2367 487 2404 ἀπέστη
505 2367 602 2397 codd.
621 2371 654 2396 et
672 2371 695 2399 Σ
842 2376 918 2397 1221
947 2366 1107 2407 δακρύοισι
1126 2367 1154 2396 Α
1169 2366 1194 2396 L
1208 2366 1269 2399 ΡΣ
1287 2377 1293 2396 :
1317 2364 1486 2406 δακρύουσι

162 2410 230 2440 VB
247 2421 254 2440 :
278 2411 317 2448 δὴ
335 2409 467 2442 κλύουσι
485 2409 629 2448 Verrall,
648 2409 709 2440 sed
726 2409 765 2439 cf.
790 2419 872 2441 1210
