1683 2732
750 95 957 132 EKABH

428 199 504 251 ἐγὼ
530 200 571 238 δὲ
597 198 801 248 πλόκαμον
826 197 1030 239 ἀναδέτοις
1357 195 1461 251 [στρ.
1488 204 1517 250 β

425 265 625 316 μίτραισιν
652 263 934 315 ἐρρυθμιζόμαν

490 330 671 384 χρυσέων
700 330 899 381 ἐνόπτρων
924 330 1043 370 λεύσ-
1454 345 1517 375 925

426 396 540 437 σουσ’
565 395 781 448 ἀτέρμονας
807 397 862 437 εἰς
887 395 1021 448 αὐγάς,

359 462 580 514 ἐπιδέμνιος
607 463 658 503 ὡς
683 461 842 513 πέσοιμ’
867 464 907 503 ἐς
933 462 1061 502 εὐνάν.

425 530 500 569 ἀνὰ
524 532 565 571 δὲ
591 528 755 570 κέλαδος
782 529 901 579 ἔμολε
928 529 1059 569 πόλιν·

428 595 626 646 κέλευσμά
651 595 682 634 δ’
710 594 757 645 ἦν
782 595 865 634 κατ’
892 594 992 634 ἄστυ
1015 595 1132 646 Τροί-

558 679 602 703 ας
626 661 720 701 τόδ’·
753 660 811 700 ’ῗΩ

291 731 427 770 παῖδες
450 727 673 774 Ἑλλάνων,
702 729 798 768 πότε
824 727 869 778 δὴ
897 728 993 768 πότε
1020 729 1091 768 τὰν
1456 740 1519 771 930

490 794 640 835 Ἰλιάδα
666 796 836 834 σκοπιᾶν

426 860 643 913 πέρσαντες
669 860 772 912 ἥξετ’
798 862 945 907 οἵκους;

422 960 523 1014 λέχη
549 962 590 1001 δὲ
616 961 734 1013 φίλια
757 961 1010 1011 μονόπεπλος
1357 957 1459 1013 [ἀντ.
1487 964 1516 1010 β

424 1031 612 1073 λιποῦσα,
641 1026 771 1079 Δωρὶς
798 1027 848 1068 ὡς
874 1028 980 1078 κόρα,

490 1094 639 1144 σεμνᾶν
664 1093 893 1145 προσίζουσ’
922 1093 990 1133 οὐκ
1453 1106 1515 1137 935

423 1159 534 1210 ἥνυσ’
554 1159 744 1212 ’Ἄρτεμιν
769 1161 792 1199 ἁ
817 1159 990 1212 τλάμων·

357 1225 502 1279 ἄγομαι
525 1229 566 1267 δὲ
593 1226 746 1266 θανόντ’
773 1225 896 1266 ἱδοῦσ’
922 1226 1082 1267 ἀκοίταν

422 1292 491 1333 τὸν
518 1292 610 1343 ἐμὸν
636 1292 750 1332 ἅλιον
776 1292 841 1332 ἐπὶ
865 1292 1052 1344 πέλαγος,

423 1360 541 1399 πόλιν
563 1359 596 1398 τ’
623 1358 909 1405 ἀποσκοποῦσ’,
936 1360 1021 1400 ἐπεὶ

554 1426 743 1476 νόστιμον

290 1495 383 1533 ναῦς
408 1493 590 1543 ἐκίνησεν
615 1492 717 1532 πόδα
744 1492 810 1532 καί
829 1491 868 1542 μ’
895 1491 972 1533 ἀπὸ
996 1495 1070 1544 γᾶς
1451 1506 1516 1537 940

489 1559 633 1610 ὥρισεν
659 1557 840 1600 Ἰλιάδος·

422 1623 586 1670 τάλαιν’,
615 1625 783 1665 ἀπεῖπον
808 1624 935 1677 ἄλγει,

355 1727 426 1766 τὰν
449 1729 535 1766 τοῖν
559 1725 824 1777 Διοσκούροιν
848 1724 1020 1766 Ἑλέναν
1047 1724 1163 1765 κάσιν
1379 1719 1512 1777 [ἐπῳδ.

421 1791 564 1832 Ἰδαῖόν
587 1809 630 1832 τε
652 1792 804 1842 βούταν

485 1859 690 1910 αἰνόπαριν
717 1858 863 1911 κατάρᾳ
1447 1869 1512 1899 945

421 1924 580 1971 διδοῦσ’,
607 1925 696 1965 ἐπεί
715 1941 764 1975 με
787 1927 860 1977 γᾶς
884 1926 926 1964 ἐκ

421 1989 600 2046 πατρῴας
624 1991 834 2031 ἀπώλεσεν

290 2054 475 2111 ἐξῴκισέν
499 2056 533 2096 τ’
559 2059 676 2098 οἴκων
700 2057 837 2110 γάμος,
866 2057 910 2097 οὐ
934 2055 1060 2109 γάμος
1085 2055 1176 2096 ἀλλ’
1203 2054 1246 2093 ἀ-

422 2123 620 2176 λάστορός
645 2140 703 2165 τις
727 2124 842 2172 οἰζύς·

229 2224 294 2253 924
319 2214 544 2255 ε’ρρυθμιζόμην
562 2215 587 2244 L
604 2215 630 2245 P
716 2225 779 2254 927
799 2217 830 2247 ἐς
848 2215 942 2251 (ante
961 2212 1066 2252 εὐνάν)
1083 2221 1147 2242 om.
1164 2211 1207 2248 M,
1224 2221 1339 2242 rasura
1359 2212 1389 2241 in
1410 2210 1454 2240 P:
1482 2212 1513 2241 ἐς

187 2258 264 2288 add.
285 2257 327 2287 M¹
342 2257 377 2288 P¹
489 2259 553 2296 928
579 2259 637 2290 ἀνὰ
661 2257 712 2298 δὲ]
729 2259 807 2290 τότε
825 2259 863 2295 δὴ
884 2258 908 2287 L
1019 2266 1082 2294 932
1108 2258 1139 2286 ἐς
1157 2258 1260 2286 οἴκους
1277 2255 1373 2285 οοάἀ.
1393 2266 1399 2284 :
1424 2264 1508 2283 corr,

190 2301 284 2339 King
382 2301 449 2339 936
471 2301 561 2338 ἥνυσ’
576 2300 607 2330 Μ
700 2301 735 2341 ἆ]
750 2302 769 2339 ἦ
785 2302 811 2330 L
898 2310 961 2338 937
987 2299 1118 2336 ἀκοίτην
1133 2299 1159 2327 L
1247 2307 1311 2336 943
1335 2298 1514 2334 διοσκόρυιν

192 2343 223 2374 Μ
236 2343 266 2373 Α
281 2344 306 2373 Β
440 2353 502 2382 947
529 2343 661 2385 πατρίας
680 2343 830 2374 Dindorf
913 2356 964 2384 γρ.
983 2343 1153 2383 ἀπούρισεν
1171 2340 1215 2370 Μ1
