1651 2780
522 99 867 137 ΕΥΡΙΠΙΔΟΥ
919 100 1122 138 ΕΚΑΒΗ

155 206 228 254 Αγ.
256 202 330 256 οὐχ
355 201 481 253 ἕλξετ’
508 202 638 250 αὐτόν,
666 207 803 255 δμῶες,
832 205 1008 244 ἐκποδὼν
1032 205 1124 258 βίῳ

155 272 233 309 Πλ.
255 270 392 321 ἀλγεῖς
418 269 588 317 ἀκούων;
726 274 800 323 Ay.
872 272 939 312 οὐκ
965 269 1128 323 ἐφέξετε
1153 271 1301 322 στόμα;

156 338 234 376 Πλ.
255 335 447 394 ἐγκλῄετ’·
487 338 634 388 εἴρηται
659 336 745 390 γάρ.
886 341 960 390 Αγ.
1031 337 1103 391 οὐχ
1129 338 1226 379 ὅσον
1251 337 1371 392 τάχος

254 401 387 452 νήσων
413 402 565 455 ἐρήμων
591 403 709 445 αὐτὸν
735 404 946 456 ἐκβαλεῖτέ
970 421 1057 451 που,
1401 410 1482 449 1²85

254 470 415 521 ἐπείπερ
440 470 540 510 οὕτω
567 471 629 510 καὶ
655 471 746 511 λίαν
773 474 1061 524 θρασυστομεῖ,·

252 535 422 587 Ἑκάβη,
450 536 500 577 σὺ
525 536 570 583 δ’,
598 535 628 577 ὦ
655 536 835 584 τάλαινα,
862 539 1072 592 διπτύχους
1096 538 1255 590 νεκροὺς

254 604 474 656 στείχουσα
500 603 636 644 θάπτε·
675 607 882 645 δεσποτῶν
907 604 940 645 δ’
964 605 1062 656 ὑμᾶς
1087 606 1215 658 χρεὼν

254 674 419 720 σκηναῖς
443 670 640 720 πελάζειν,
667 670 863 726 Τρῳάδες·
903 671 964 712 καὶ
990 673 1064 723 γὰρ
1090 673 1213 713 πνοὰς

254 735 349 788 πρὸς
374 736 481 777 οἶκον
505 737 577 787 ἤδη
603 736 725 778 τάσδε
750 738 972 789 πομπίμους
998 738 1086 789 ὁρῶ.
1400 752 1484 783 1290

254 802 294 843 εῧ
319 802 351 842 δ’
377 804 417 844 ἐς
442 802 594 855 πάτραν
621 804 880 855 πλεύσαιμεν,
910 805 950 845 εὖ
978 806 1018 845 δὲ
1045 805 1116 845 τάν
1142 805 1275 855 δόμοις

253 869 383 922 ἔχοντ’
407 871 556 920 ἴδοιμεν
581 870 693 911 τῶνδ’
720 870 927 922 ἀφειμένοι
952 872 1097 912 πόνων.

154 971 226 1008 Xo.
321 970 375 1009 ’ίτε
403 968 499 1020 πρὸς
525 969 687 1020 λιμένας
712 969 860 1020 σκηνάς
885 986 938 1016 τε,
968 971 1097 1021 φίλαι,

321 1038 399 1076 τῶν
424 1037 684 1076 δεσποσύνων
711 1037 995 1088 πειρασόμεναι

388 1103 563 1155 μόχθων·
601 1104 748 1154 στερρὰ
772 1104 848 1154 γὰρ
873 1102 1036 1155 ἀνάγκη.
1402 1118 1484 1149 1295

204 1194 283 1232 1284
310 1194 471 1234 ἐγκλείετ’
487 1195 606 1225 codd:
630 1208 680 1236 γρ.
696 1194 822 1235 πιέζετε
841 1199 865 1228 Σ
992 1196 1072 1234 1285
1097 1208 1149 1227 ποι
1166 1195 1211 1226 V:
1229 1205 1314 1226 corr.
1338 1206 1356 1226 v
1447 1196 1483 1226 In

156 1236 404 1277 subscriptione
421 1236 518 1270 τέλος
537 1237 656 1277 ἑκάβης
676 1238 708 1268 Μ
720 1238 750 1269 V
769 1249 776 1269 :
799 1238 897 1271 τέλος
915 1239 1074 1280 εὐριπίδου
1091 1238 1210 1277 ἑκάβης
1229 1239 1259 1269 Α
1271 1238 1298 1269 Β
1315 1238 1341 1269 L
