1683 2732
627 588 1007 643 ΜΗΔΕΙΑ

158 801 351 830 ΤΡΟΦΟΣ

260 859 345 901 Εἴθ’
372 858 495 912 ὤφελ’
521 859 688 912 Ἀργοῦς
713 859 763 910 μὴ
791 859 1032 901 διαπτάσθαι
1057 861 1213 914 σκάφος

260 927 430 980 Κόλχων
455 928 494 968 ἐς
519 926 608 967 αἶαν
635 925 798 968 κυανέας
823 927 1125 979 Συμπληγάδας,

257 993 346 1044 μηδ’
375 995 416 1034 ἐν
442 992 607 1034 νάπαισι
632 994 788 1043 Πηλίου
812 997 951 1034 πεσεῖν
977 1011 1072 1034 ποτε

258 1061 453 1110 τμηθεῖσα
477 1060 611 1110 πεύκη,
638 1059 725 1110 μηδ’
752 1061 970 1111 ἐρετμῶσαι
994 1059 1114 1113 χέρας

259 1126 409 1178 ἀνδρῶν
434 1127 619 1178 ἀρίστων,
647 1126 683 1166 οἳ
706 1125 750 1166 τὸ
775 1125 1008 1180 πάγχρυσον
1034 1126 1147 1179 δέρας
1466 1142 1483 1172 5

260 1194 391 1247 Πελίᾳ
415 1195 623 1243 μετῆλθον.
685 1192 729 1232 οὐ
754 1194 827 1245 γὰρ
852 1192 900 1233 ἂν
925 1192 1101 1235 δέσποιν’
1126 1193 1199 1245 ἐμὴ

261 1258 416 1310 Μήδεια
440 1260 610 1311 πύργους
635 1261 707 1311 γῆς
732 1259 893 1300 ἔπλευσ’
918 1259 1096 1302 Ἰωλκίας

258 1325 372 1378 ἔρωτι
397 1325 516 1377 θυμὸν
542 1325 774 1378 ἐκπλαγεῖσ’
800 1325 993 1368 Ἰάσονος·

259 1392 339 1433 οὐδ’
364 1392 412 1434 ἂν
442 1396 595 1433 κτανεῖν
619 1393 797 1433 πείσασα
821 1393 1023 1435 Πελιάδας
1049 1394 1163 1446 κόρας

259 1458 408 1511 πατέρα
434 1458 593 1514 κατῴκει
618 1458 733 1510 τήνδε
758 1461 832 1511 γῆν
859 1460 1071 1513 Κορινθίαν
1444 1475 1482 1497 10

257 1523 327 1576 ξὺν
352 1526 462 1578 ἀνδρὶ
488 1527 549 1567 καὶ
574 1525 786 1572 τέκνοισιν,
812 1526 1038 1568 ἁνδάνουσα
1060 1528 1133 1578 μὲν

256 1596 364 1649 φυγῇ
388 1596 561 1633 πολιτῶν
585 1594 639 1634 ὧν
664 1593 829 1646 ἀφίκετο
853 1594 991 1648 χθόνα,

258 1656 353 1708 αὐτή
378 1674 421 1698 τε
444 1657 572 1699 πάντα
596 1655 836 1709 ξυμφέρουσ’
862 1658 1024 1700 Ἰάσονι·

259 1723 358 1776 ἥπερ
382 1725 548 1776 μεγίστη
575 1725 753 1776 γίγνεται
778 1726 964 1777 σωτηρία,

260 1791 355 1831 ὅταν
379 1790 474 1843 γυνὴ
499 1789 595 1842 πρὸς
620 1790 741 1843 ἄνδρα
764 1791 816 1841 μὴ
842 1792 1069 1849 διχοστατῇ.
1446 1806 1481 1836 15

321 1859 391 1896 νῦν
416 1855 450 1895 δ’
475 1856 598 1909 ἐχθρὰ
622 1855 761 1902 πάντα,
792 1856 856 1896 καὶ
880 1861 996 1898 νοσεῖ
1018 1858 1066 1897 τὰ
1092 1858 1277 1907 φίλτατα.

260 1922 424 1974 προδοὺς
448 1923 525 1974 γὰρ
548 1923 665 1962 αὑτοῦ
689 1921 807 1963 τέκνα
831 1922 1021 1963 δεσπότιν
1045 1922 1078 1962 τ’
1105 1923 1203 1974 ε’μὴν

259 1987 398 2040 γάμοις
420 1987 566 2030 Ἰάσων
589 1992 820 2039 βασιλικοῖς
846 1988 1060 2038 εὐνάζεται,

258 2053 385 2106 γήμας
410 2054 605 2107 Κρέοντος
629 2054 748 2101 παῖδ’,
776 2054 817 2097 ὃς
842 2056 1014 2110 αἰσυμνᾷ
1037 2055 1193 2108 χθονός·

202 2155 222 2186 5
246 2146 384 2185 ἀρίστων
400 2147 495 2178 codd.
515 2152 549 2178 et
565 2150 590 2180 Σ
605 2158 612 2177 2
636 2145 793 2188 ἀριστέων
808 2146 1002 2178 Wakefield
1103 2146 1209 2190 δέρας]
1229 2146 1318 2189 δέρος
1337 2147 1363 2178 L
1380 2151 1414 2179 et
1431 2154 1457 2180 n
1475 2160 1481 2179 :

159 2189 199 2220 cf.
237 2189 389 2221 Eustath.
424 2190 458 2220 in
493 2190 529 2220 11.
565 2200 595 2229 p.
629 2191 704 2221 600.
762 2190 812 2221 Cf.
845 2191 911 2229 480
1079 2200 1114 2221 11
1151 2190 1224 2232 μὲν]
1257 2192 1330 2232 πρὶν
1362 2192 1478 2231 Steup.

163 2243 201 2263 12
235 2235 322 2275 φυγῇ
350 2236 490 2266 πολιτῶν
514 2233 611 2265 codd.
641 2239 675 2264 et
698 2237 746 2267 Σι
780 2234 929 2266 πολίταις
955 2243 1120 2273 suprascr.
1146 2244 1190 2266 v:
1225 2237 1312 2277 φυλῇ
1339 2239 1482 2268 πολιτῶν

159 2276 287 2307 Canter
303 2287 309 2307 :
334 2279 422 2318 ψυχῇ
438 2276 580 2308 Verrall.
628 2277 772 2308 Versum
790 2277 928 2308 seclusit
947 2276 1087 2309 Kvibala
1200 2287 1239 2318 13
1261 2278 1314 2320 τε]
1332 2278 1367 2311 δὲ
1384 2277 1477 2311 Stob.

160 2329 211 2358 74·
227 2329 270 2359 30

251 2382 333 2406 ευκ.
352 2385 373 2407 ι.
1333 2377 1350 2409 6
