1651 2780
649 118 999 156 ΕΥΡΙΠΙΔΟΥ

255 223 328 264 σὺν
352 224 467 275 μητρὶ
491 222 634 274 μέλλοι
658 225 779 273 τῆσδε
807 224 984 274 κοίρανος
1009 222 1152 276 χθονὸς

255 290 402 343 Κρέων.
463 291 483 330 ὁ
507 289 642 341 μέντοι
667 291 786 340 μῦθος
812 291 846 330 εἰ
873 289 1006 341 σαφὴς
1032 291 1097 330 ὅδε

255 356 323 397 οὐκ
349 357 446 398 οἶδα·
484 358 706 407 βουλοίμην
732 356 764 396 δ’
791 356 837 396 ἂν
865 356 932 396 οὐκ
958 355 1059 396 εἶναι
1083 356 1184 397 τόδε.

155 426 224 476 Τρ.
257 440 318 464 και
343 423 449 464 ταῦτ’
474 423 618 464 Ἰάσων
644 425 784 465 παῖδας
812 420 1035 474 ἐξανέξεται

254 489 496 543 πάσχοντας,
525 492 558 531 εἰ
585 490 646 530 καὶ
671 491 787 542 μητρὶ
814 491 1008 542 διαφορὰν
1034 490 1137 542 ἕχει,·
1448 497 1486 534 75

157 560 233 597 Πα.
255 558 404 598 παλαιὰ
429 561 570 598 καινῶν
596 558 776 598 λείπεται
805 556 1066 607 κηδευμάτων,

256 624 345 665 κούκ
372 623 455 664 ἔστ’
484 625 630 665 ἐκεῖνος
655 626 789 664 τοῖσδε
815 624 992 674 δώμασιν
1018 623 1149 675 φίλος.

155 694 224 742 Τρ.
256 690 511 741 ἀπωλόμεσθ’
537 690 608 741 ἄρ’,
637 692 669 731 εἰ
698 690 815 731 κακὸν
839 690 1110 742 προσοίσομεν

255 756 343 797 νέον
369 761 537 811 παλαιῷ,
566 757 656 809 πρὶν
682 757 762 797 τόδ’
789 756 1081 807 ἐξηντληκέναι.

157 826 233 863 Πα.
255 824 352 875 ἀτὰρ
379 823 430 863 σύ
452 823 594 875 γ’-οὐ
620 825 694 876 γὰρ
723 823 853 875 καιρὸς
881 823 1022 864 εἰδέναι
1047 823 1136 863 τόδε
1445 827 1488 859 80

256 889 705 944 δέσποιναν-ἡσύχαζε
733 891 795 931 καὶ
821 891 916 943 σίγα
940 891 1077 942 λόγον.

157 959 225 1009 Τρ.
257 955 286 997 ὦ
310 955 426 1003 τέκν’,
453 956 605 998 ἀκούεθ’
634 957 713 999 οἶος
741 958 794 999 εἷς
819 958 917 1008 ὑμᾶς
942 956 1088 1008 πατήρ,·

257 1025 390 1064 ὄλοιτο
415 1025 486 1074 μὲν
510 1022 575 1074 μή·
615 1024 810 1074 δεσπότης
836 1023 911 1075 γάρ
938 1023 1019 1063 ἐστ’
1047 1023 1150 1074 ε’μός·

257 1091 355 1142 ἀτὰρ
381 1091 495 1131 κακός
519 1089 556 1142 γ’
583 1088 636 1131 ὢν
662 1091 701 1131 ἐς
728 1091 870 1142 φίλους
896 1091 1117 1131 ἁλίσκεται.

158 1160 236 1197 Πα.
257 1158 316 1199 τίς
341 1156 373 1196 δ’
398 1156 486 1210 οὐχὶ
512 1159 682 1207 &vm-(51),-
721 1156 806 1208 ἄρτι
832 1157 1069 1209 γιγνώσκεις
1093 1156 1194 1202 τόδε,
1447 1159 1488 1198 85

262 1224 313 1265 ὡς
338 1226 414 1266 πᾶς
437 1240 495 1265 τις
520 1223 637 1264 αὑτὸν
661 1226 729 1264 τοῦ
754 1222 878 1266 πέλας
901 1226 1057 1274 μᾶλλον
1083 1226 1206 1276 φιλεῖ,

261 1291 297 1331 οἳ
321 1292 392 1341 μὲν
418 1291 587 1337 δικαίως,
615 1290 651 1331 οἳ
676 1292 718 1332 δὲ
744 1291 808 1332 καὶ
833 1290 992 1342 κέρδους
1017 1289 1146 1344 χάριν,

260 1358 293 1397 εἰ
318 1356 460 1397 τούσδε
484 1355 520 1408 γ’
546 1355 657 1405 εὐνῆς
683 1354 807 1395 οὕνεκ’
835 1354 878 1395 οὐ
903 1354 1062 1407 στέργει
1086 1355 1228 1407 πατήρ.

160 1425 230 1476 Τρ.
263 1421 415 1463 'cf—ei?
440 1423 516 1474 γὰρ
541 1420 903 1472 ἔσται-δωμάτων
929 1421 1022 1467 ἔσω,
1049 1421 1179 1463 τέκνα.

262 1489 311 1530 σὺ
336 1488 369 1528 δ’
397 1489 447 1530 ὡς
471 1487 647 1539 μάλιστα
671 1487 804 1528 τούσδ’
830 1488 1037 1540 ἐρημώσας
1062 1488 1130 1542 ἔχε
1447 1502 1490 1533 90

263 1555 326 1596 καὶ
351 1555 402 1606 μὴ
429 1555 574 1605 πέλαζε
597 1554 713 1606 μητρὶ
737 1554 1048 1611 δυσθυμουμένῃ.

260 1621 332 1673 ἤδη
358 1624 434 1674 γὰρ
459 1621 563 1662 εἶδον
587 1623 692 1672 ὄμμα
717 1638 777 1662 νιν
802 1621 1065 1673 ταυρουμένην

262 1688 401 1735 τοῖσδ’,
428 1689 480 1731 ὥς
504 1706 541 1730 τι
566 1689 842 1741 δρασείουσαν·
882 1688 969 1729 οὐδὲ
993 1688 1190 1729 παύσεται

262 1756 401 1809 χόλου,
429 1755 529 1809 σάφ’
554 1756 654 1804 οἶδα,
681 1757 772 1809 πρὶν
799 1757 1060 1808 κατασκῆψαί
1081 1772 1169 1795 τινα
1196 1784 1205 1794 .
1232 1783 1241 1794 .

265 1822 429 1875 ἐχθρούς
453 1839 499 1874 γε
523 1820 670 1872 μέντοι,
696 1822 747 1873 μὴ
775 1823 929 1874 φίλους,
957 1822 1116 1873 δράσειέ
1139 1839 1187 1862 τι.
1449 1835 1489 1866 95

209 1924 245 1952 71
280 1914 396 1954 μέλλοι
413 1913 504 1946 AV:
536 1913 652 1953 μέλλει
671 1914 776 1945 LPB
926 1923 965 1953 73
996 1913 1073 1946 τάδε
1098 1924 1127 1945 v.
1153 1918 1186 1944 et
1207 1914 1285 1945 Chr.
1313 1913 1384 1944 Pat.
1411 1914 1491 1943 1186

166 1967 204 1995 74
230 1957 426 1998 ἐξανέξεται]
441 1956 585 1998 ἀνέξεται
598 1957 630 1988 A
734 1968 772 1996 77
800 1960 906 1989 ἐκεῖνα
919 1982 925 1988 .
940 1981 946 1987 .
965 1981 972 1988 .
989 1958 1070 1998 φίλα
1082 1957 1250 1988 Tournicr
1349 1958 1392 1988 80
1415 1956 1490 1989 τόδε

163 2000 296 2030 AVB:
320 2000 395 2032 τάδε
415 2001 479 2030 Ι..Ρ
660 2002 700 2031 82
729 2004 806 2041 ὑμᾶς
822 2001 956 2031 AVB:
982 2001 1063 2040 ἡμᾶς
1082 2000 1146 2030 LP
1324 2001 1366 2038 84
1395 2000 1492 2032 κακός

163 2044 196 2084 γ’
231 2044 256 2073 L
268 2043 312 2073 Ρ.
305 2055 311 2061 ·
343 2045 439 2076 κακὸς
466 2043 497 2074 Α
509 2044 539 2074 V
551 2044 577 2074 B
754 2045 795 2083 85
829 2046 999 2085 γινώσκεις
1026 2044 1057 2073 Α
1069 2044 1099 2073 V
1111 2043 1137 2073 Β
1151 2043 1185 2074 L¹
1199 2048 1245 2077 Σ
1239 2055 1245 2061 ·
1278 2044 1431 2084 γινώσκει
1465 2043 1491 2072 P

163 2099 214 2128 γρ.
236 2087 267 2117 V
285 2100 335 2128 γρ.
360 2086 413 2124 B²‚
435 2092 469 2118 et
492 2088 684 2126 hbtriones,
710 2089 895 2119 secundum
920 2091 944 2121 Σ
968 2088 1011 2127 (οἱ
1033 2086 1066 2119 δὲ
1088 2089 1250 2128 ὑποκριταὶ
1273 2087 1491 2128 ἀγνοήσαντες

232 2153 240 2160 .
267 2130 493 2170 μετατιθέασιν
518 2132 562 2164 εἷς
585 2131 636 2163 τό·
666 2132 716 2164 τίς
740 2131 766 2163 δ’
792 2133 864 2172 ουχὶ
890 2133 1013 2169 θνητῶν
1036 2134 1133 2163 τοῦτο
1156 2132 1334 2172 γιγνώσκει
1363 2131 1489 2171 σαφῶς)

165 2173 205 2211 87
240 2174 436 2213 proscripsit
469 2175 628 2205 Brunck:
666 2176 818 2217 περισσὸς
850 2177 866 2206 ὁ
898 2175 1013 2214 στιχος
1040 2178 1064 2208 Σ
1239 2175 1282 2213 89
1317 2173 1491 2204 Personae

167 2221 281 2247 notam
313 2227 377 2248 om.
410 2219 460 2256 A;
497 2229 529 2249 ν.
560 2228 604 2257 90
633 2218 799 2259 πρεσβύτῃ
831 2218 946 2248 tribuit
979 2218 1016 2248 B.
1083 2217 1175 2248 Idem
1212 2218 1355 2248 sortasse
1386 2216 1491 2247 voluit

166 2259 198 2290 A
232 2260 443 2301 (ἐρημώσασ)
608 2271 651 2300 90
681 2262 722 2293 σὺ
753 2260 796 2301 δ’]
830 2260 870 2291 σύ
901 2261 926 2292 θ’
961 2260 1025 2291 LP
1144 2259 1326 2301 ἐρημώσασ’
1359 2260 1428 2301 ἔχει
1459 2259 1491 2290 Α

165 2314 207 2342 94
240 2304 381 2334 fortasse
406 2305 508 2345 χόλος
533 2309 567 2335 et
592 2305 674 2345 πρίν,
700 2304 920 2346 κατασκήψας,
944 2305 1016 2338 τινὰ
1040 2328 1047 2336 .
1075 2328 1082 2337 .
1110 2328 1118 2337 .
1147 2310 1223 2345 post
1248 2305 1494 2338 Hoffmannum

167 2346 383 2377 scrIbendum
433 2348 510 2387 (τινι
530 2347 724 2387 Blomfield)
