1683 2732
674 69 925 107 ΜΙ-ΙΔΕΙΑ

240 175 289 214 τὰ
312 174 471 228 χρηστὰ
493 171 547 224 μή
573 189 639 213 σοι
662 173 792 224 λυπρὰ
820 172 1035 223 φαίνεσθαι
1059 170 1168 219 ποτέ,

241 240 330 290 μηδ’
356 240 578 293 εὐτυχοῦσα
603 238 802 292 δυστυχὴς
829 238 928 279 εἶναι
954 241 1095 279 δοκεῖν.

142 310 223 357 Μη.
240 306 388 359 ὕβριζ’,
415 306 549 357 ἐπειδὴ
576 306 642 347 σοὶ
666 308 738 357 μὲν
766 304 850 346 ἔστ’
877 303 1126 357 ἀποστροφή,

240 374 318 425 ἐγὼ
343 373 375 413 δ’
402 374 543 426 ἕρημος
569 371 685 423 τήνδε
711 371 931 425 φευξοῦμαι
956 372 1094 425 χθόνα.

143 443 200 480 Ια.
239 439 332 489 αὐτὴ
359 439 441 480 τάδ’
466 440 588 480 εἵλου·
626 438 762 490 μηδέν’
788 438 916 479 ἄλλον
941 440 1062 479 αἰτιῶ.
1406 440 1468 481 605

143 509 225 556 Μη.
243 507 283 547 τί
305 509 457 558 δρῶσα;
495 510 579 557 μῶν
605 509 791 558 γαμοῦσα
817 505 879 545 καὶ
906 503 1108 557 προδοῦσά
1132 520 1199 552 σε,·

142 576 199 613 Ια.
238 574 334 626 ἀρὰς
357 571 561 625 τυράννοις
586 573 771 615 ἀνοσίους
802 571 993 625 ἀρωμένη.

142 642 225 690 Μη.
243 640 306 680 καὶ
331 644 418 682 σοῖς
443 640 559 692 ἀραία
584 638 621 691 γ’
646 639 748 679 οὖσα
774 638 958 692 τυγχάνω
985 639 1129 690 δόμοις.

143 709 200 747 Ια.
241 706 292 748 ὡς
315 706 360 746 οὐ
386 709 588 759 κρινοῦμαι
614 705 736 746 τῶνδέ
766 723 832 746 σοι
858 708 906 746 τὰ
932 707 1108 746 πλείονα.

242 773 346 819 ἀλλ’,
374 774 411 814 εἴ
433 790 469 814 τι
493 773 623 829 βούλῃ
653 774 794 814 παισὶν
821 770 844 823 ἦ
871 774 1016 822 σαυτῆς
1041 777 1150 829 φυγῇ
1408 774 1472 805 610

242 839 545 893 προσωφέλημα
569 839 783 893 χρημάτων
811 841 913 890 ε’μῶν
938 844 1095 890 λαβεῖν,

242 905 343 958 λέγ’·
382 906 433 948 ὡς
457 907 611 957 ἕτοιμος
638 907 802 961 ἀφθόνῳ
830 909 964 947 δοῦναι
987 906 1075 959 χερὶ

243 972 371 1023 ξένοις
394 990 436 1014 τε
462 971 630 1023 πέμπειν
657 972 846 1024 σύμβολ’,
874 973 909 1013 οἳ
935 972 1132 1024 δράσουσί
1154 970 1192 1011 σ’
1218 970 1271 1012 εὗ.

244 1039 308 1079 καὶ
333 1043 455 1080 ταῦτα
477 1040 527 1090 μὴ
554 1039 731 1080 θέλουσα
757 1043 964 1091 μωρανεῖς,
993 1040 1118 1091 γύναι·

244 1104 406 1156 λήξασα
429 1105 460 1146 δ’
486 1107 604 1158 ὀργῆς
632 1109 831 1158 κερδανεῖς
859 1107 1056 1157 ἀμείνονα.
1407 1107 1470 1146 615

145 1176 228 1223 Mn.
245 1172 324 1213 οὔτ’
351 1172 399 1213 ἂν
425 1172 577 1223 ξένοισι
602 1177 705 1213 τοῖσι
733 1177 821 1215 σοῖς
847 1171 1086 1226 χρησαίμεθ’
1111 1171 1171 1218 ἄν,

245 1238 325 1279 οὔτ’
349 1239 397 1280 ἄν
421 1255 459 1279 τι
483 1238 735 1290 δεξαίμεσθα,
764 1239 852 1290 μηδ’
877 1240 968 1290 ἡμῖν
1001 1240 1120 1280 δίδου·

245 1310 363 1346 κακοῦ
386 1307 460 1358 γὰρ
486 1306 626 1357 ἀνδρὸς
651 1306 739 1358 δῶρ’
767 1307 908 1357 ὄνησιν
932 1306 1000 1346 οὐκ
1026 1307 1122 1359 ἔχει.

146 1376 202 1413 Ια.
243 1373 335 1413 ἀλλ’
362 1373 429 1413 οὖν
455 1373 533 1425 ἐγὼ
557 1374 629 1423 μὲν
655 1373 843 1423 δαίμονας
867 1373 1124 1426 μαρτύρομαι,

246 1439 298 1482 ὡς
322 1438 438 1480 πάνθ’
462 1440 671 1491 ὑπουργεῖν
700 1440 769 1480 σοί
791 1457 833 1480 τε
860 1441 923 1480 καὶ
948 1439 1098 1481 τέκνοις
1123 1438 1240 1479 θέλω·
1408 1442 1473 1473 620

246 1507 312 1547 σοὶ
337 1505 370 1547 δ’
394 1506 460 1546 οὐκ
487 1505 647 1558 ἀρέσκει
671 1506 825 1558 τάγάθ’,
853 1505 944 1546 ἀλλ’
971 1506 1134 1560 αὐθαδίᾳ

245 1575 389 1626 φίλους
412 1574 563 1630 ἀπωθῇ·
600 1575 738 1626 τοιγὰρ
764 1574 918 1630 ἀλγυνῇ
943 1573 1079 1614 πλέον.

144 1643 225 1691 Μη.
243 1641 379 1694 χώρει·
417 1641 524 1694 πόθῳ
551 1642 626 1693 γὰρ
651 1642 720 1691 τῆς
744 1639 958 1691 νεοδμήτου
984 1641 1099 1692 κόρης

245 1709 334 1765 αἱρῇ
359 1708 550 1761 χρονίζων
575 1706 766 1758 δωμάτων
790 1706 969 1758 ἐξώπιος.

244 1774 424 1827 νύμφευ’·
461 1775 560 1816 ἴσως
583 1773 795 1826 >reip—‹rin›
821 1776 895 1829 θεῷ
922 1774 954 1814 δ’
981 1772 1238 1826 εἷρήσεται--
1407 1774 1470 1814 625

244 1845 383 1895 γαμεῖς
406 1845 585 1882 τοιοῦτον
608 1841 714 1882 ὥστε
738 1839 778 1880 σ’
802 1840 1009 1894 ἀρνεῖσθαι
1034 1839 1172 1893 γάμον.

144 1944 218 1983 Xo.
311 1941 451 1994 ἔρωτες
475 1942 572 1994 ὑπὲρ
596 1943 668 1992 μὲν
694 1940 796 1993 ἄγαν
1365 1933 1468 1990 [στρ.

312 2008 498 2050 ἐλθόντες
522 2008 590 2048 οὐκ
617 2007 796 2058 εὐδοξίαν

379 2074 459 2114 οὐδ’
486 2075 628 2127 ἀρετὰν
652 2074 884 2127 παρέδωκαν

188 2166 262 2206 601,
281 2166 345 2196 602
369 2167 537 2208 φαίνεσθαι
555 2191 562 2199 .
581 2190 588 2198 .
607 2191 614 2198 .
634 2170 740 2199 δοκεῖν
759 2167 898 2203 Reiske,
917 2172 960 2203 ct,
980 2166 1013 2195 ni
1031 2164 1137 2205 fallor,
1158 2169 1181 2199 Σ
1197 2176 1203 2195 :
1232 2164 1391 2206 φαινέσθω
1409 2188 1416 2195 .
1434 2187 1442 2195 .
1462 2187 1471 2195 .

146 2209 232 2242 δόκει
257 2210 352 2241 codd.
470 2211 532 2248 604
565 2211 717 2251 φεύξομαι
744 2210 893 2240 Dindorf
916 2214 965 2248 (et
991 2209 1035 2245 D)
1151 2210 1217 2238 610
1247 2222 1279 2240 τι
1305 2208 1399 2238 LPv
1424 2207 1473 2248 (et

145 2253 221 2284 fort.
243 2252 282 2290 B)
303 2264 310 2283 ε
334 2266 370 2285 τε
387 2252 416 2283 Α
429 2253 460 2283 V
472 2253 509 2283 ΒΙ
673 2257 792 2292 σαυτῆς
810 2256 896 2295 φυγῇ
913 2253 942 2282 V
954 2253 980 2282 B
994 2252 1019 2282 P
1034 2263 1039 2281 :
1066 2253 1169 2289 σαυτῆ
1186 2254 1273 2293 φινγῆ
1290 2251 1320 2282 Α
1337 2262 1343 2281 :
1369 2252 1472 2287 σαυτῆ

146 2298 250 2336 φυγῆς
271 2297 295 2326 L
314 2296 456 2327 sortasse
476 2301 566 2328 recte
667 2299 730 2336 6¹3
755 2296 909 2338 δράσουσί
927 2295 957 2327 α’
979 2296 1004 2326 L
1017 2295 1041 2326 Ρ
1053 2295 1092 2325 &⁷²
1104 2295 1131 2325 Β
1144 2307 1162 2325 a
1180 2307 1186 2325 ι
1213 2295 1384 2337 δράσουσιν
1401 2294 1431 2324 Λ
1443 2293 1473 2323 V

145 2342 207 2378 617
232 2341 304 2379 μηδ’
324 2340 348 2369 l’
364 2339 421 2369 L²x
446 2340 518 2378 μήθ’
538 2339 608 2371 rell.
