1683 2732
195 445 268 483 Χο.

198 977 269 1014 Χο.

200 1177 258 1214 Ιπ.

679 73 1048 110 ΙΠΠΟΛΎΤΟΣ

296 176 400 223 ἀλλ’,
428 175 456 217 ὦ
482 176 602 229 πάτερ
627 177 839 222 Πόσειδον,
867 177 912 218 ἃς
937 178 1028 227 ἐμοί
1047 192 1143 217 ποτε

297 244 392 295 ἀρὰς
416 243 594 301 ὑπέσχου
620 247 735 296 τρεῖς,
763 248 832 297 μιᾷ
858 242 1099 295 κατέργασαι

296 310 443 351 τούτων
469 309 564 361 ε’μὸν
590 309 705 356 παῖδ’,
732 308 880 361 ἡμέραν
904 311 947 349 δὲ
970 308 1023 360 μὴ
1049 308 1171 361 φύγοι

295 374 414 425 τήνδ’,
441 378 547 428 εἴπερ
572 376 662 427 ἡμῖν
689 376 851 417 ὤπασας
878 378 1022 428 σαφεῖς
1047 374 1153 427 ἀράς.

296 441 406 492 ἄναξ,
434 442 607 496 ἀπεύχου
631 445 751 482 ταῦτα
776 441 873 494 πρὸς
896 444 997 483 θεῶν
1022 440 1156 482 πάλιν·

296 508 432 564 γνώσῃ
458 510 532 561 γὰρ
557 508 664 550 αὖθις
689 509 920 560 ἀμπλακών.
992 508 1077 559 ἐμοὶ
1104 510 1230 548 πιθοῦ.

267 605 274 615 .
295 575 363 632 οὐκ
393 575 492 617 ἔστι·
531 576 593 616 καὶ
619 576 714 627 πρός
740 575 774 628 γ’
802 574 925 626 ἐξελῶ
952 580 1035 627 σφε
1059 577 1181 625 τῆσδε
1204 575 1290 627 γῆς,

297 645 403 682 δυοῖν
429 643 470 683 δὲ
494 643 649 694 μοίραιν
674 641 819 695 θατέρᾳ
843 640 1096 693 πεπλήξεται·

295 705 318 758 ἢ
343 709 417 761 γὰρ
443 711 649 749 Ποσειδῶν
675 708 791 749 αὐτὸν
817 709 872 750 εἰς
890 707 1028 748 ’Ἃιδου
1054 708 1196 758 δόμους

295 775 466 815 θανόντα
491 774 642 828 πέμψει
666 776 735 816 τὰς
761 776 856 826 ἐμὰς
881 775 976 827 ἀρὰς
1002 773 1151 825 σέβων,

294 837 319 891 ἢ
343 843 464 891 τῆσδε
489 841 618 895 χώρας
643 842 824 882 ἐκπεσὼν
849 841 1052 892 ἀλώμενος

295 906 411 958 ξένην
437 907 497 948 ἐπ’
522 906 612 949 αἶάν
637 907 788 960 λυπρὸν
814 907 1005 958 ἀντλήσει
1029 908 1135 958 βίον.

297 974 358 1014 καὶ
383 973 459 1025 μὴν
484 974 540 1014 ὅδ’
566 974 682 1017 αὐτὸς
707 979 798 1017 παῖς
824 974 895 1017 σὸς
921 976 960 1016 ἐς
986 973 1118 1026 καιρὸν
1144 972 1261 1025 πάρα,

295 1039 543 1083 Ἱππόλυτος·
581 1042 699 1094 ὀργῆς
724 1041 756 1080 δ’
782 1040 932 1092 ἐξανεὶς
958 1043 1088 1091 κακῆς,
1114 1038 1217 1090 ἄναξ

297 1109 448 1157 Θησεῦ,
475 1107 520 1147 τὸ
545 1112 703 1162 λῷστον
729 1111 840 1148 σοῖσι
865 1107 1088 1158 βούλευσαι
1112 1108 1256 1158 δόμοις.

298 1176 466 1226 κραυγῆς
491 1174 663 1216 ἀκούσας
689 1177 763 1225 σῆς
789 1175 1001 1227 ἀφικόμην,
1031 1173 1165 1226 πάτερ,

297 1243 463 1297 σπουδῇ·
501 1240 546 1281 τὸ
569 1240 705 1292 μέντοι
729 1240 875 1293 πράγμ’
902 1241 965 1293 ἐφ’
991 1239 1096 1296 ᾧτινι
1121 1239 1273 1282 στένεις

296 1306 364 1347 οὐκ
391 1306 488 1353 οῖδα,
516 1308 740 1358 βουλοίμην
765 1307 796 1347 δ’
820 1306 868 1347 ἂν
895 1309 937 1348 ἐκ
963 1307 1081 1348 σέθεν
1107 1307 1251 1348 κλύειν.

296 1372 353 1419 ἔα,
381 1374 422 1414 τί
441 1375 592 1427 χρῆμα,·
631 1373 707 1424 σὴν
731 1373 894 1426 δάμαρθ’
920 1375 1008 1426 ὁρῶ,
1037 1373 1171 1424 πάτερ,

296 1440 446 1491 νεκρόν·
484 1441 674 1493 μεγίστου
700 1440 894 1492 θαύματος
918 1440 998 1480 τόδ’
1023 1439 1145 1491 ἄξιον·

295 1504 343 1556 ἣν
368 1507 509 1558 ἀρτίως
532 1506 703 1554 ἔλειπον,
730 1505 755 1557 ἢ
779 1505 882 1560 φάος
905 1508 995 1547 τόδε

296 1573 402 1613 οὔπω
427 1574 575 1626 χρόνον
597 1572 767 1615 παλαιὸν
792 1573 1050 1625 εἰσεδέρκετο.

363 1641 405 1680 τί
425 1643 557 1693 χρῆμα
581 1639 750 1693 πάσχει;
787 1644 840 1695 τῷ
866 1641 995 1695 τρόπῳ
1021 1640 1244 1687 διόλλυται,·

298 1705 432 1759 πάτερ,
460 1706 653 1748 πυθέσθαι
678 1707 877 1758 βούλομαι
903 1706 1019 1748 σέθεν
1044 1706 1161 1760 πάρα.

300 1773 429 1827 σιγᾷς·
470 1775 622 1824 σιωπῆς
646 1773 679 1813 δ’
707 1773 818 1814 οὐδὲν
843 1773 959 1826 ἔργον
985 1775 1027 1814 ἐν
1053 1776 1196 1815 κακοῖς·

296 1838 319 1889 ἡ
345 1840 420 1891 γὰρ
445 1842 624 1880 ποθοῦσα
647 1839 775 1881 πάντα
800 1841 938 1892 καρδία
958 1840 1089 1880 κλύειν

299 1905 369 1945 κάν
394 1909 474 1948 τοῖς
500 1910 656 1947 κακοῖσι
679 1908 819 1959 λίχνος
843 1906 929 1947 offo-⁹
955 1908 1174 1948 ἁλίσκεται.

300 1971 344 2012 οὐ
366 1971 444 2022 μὴν
468 1973 610 2025 φίλους
634 1990 680 2026 γε
707 1973 793 2015 κᾶτι
816 1976 972 2024 μᾶλλον
996 1970 1019 2023 ἢ
1045 1973 1188 2025 φίλους

300 2037 480 2089 κρύπτειν
506 2040 655 2080 δίκαιον
682 2039 769 2086 σάς,
796 2039 930 2092 πάτερ,
959 2037 1212 2091 δυσπραξίας.

243 2131 306 2162 888
330 2132 538 2188 κατείργασαι
556 2132 589 2164 Μ
734 2133 794 2172 89Ι
821 2132 959 2173 ἆνεύχου
974 2131 1190 2163 Valckenaer

200 2174 302 2207 πύλας
320 2174 352 2205 Μ
374 2178 484 2214 «δομου
501 2175 546 2216 Ο)
680 2176 743 2216 899
766 2178 875 2209 καινὸν
893 2176 925 2207 Μ
942 2187 948 2206 2
974 2185 1057 2207 corr.
1080 2175 1128 2205 M*
1260 2184 1324 2214 903
1348 2179 1456 2206 ὡτινιν
1472 2173 1499 2204 Ρ
1515 2185 1521 2204 :

200 2216 263 2257 ᾧτε
280 2220 334 2250 νῦν
352 2217 382 2247 Ν
396 2218 425 2248 D
440 2228 447 2247 ε
472 2217 495 2259 ᾧ
511 2220 552 2251 τὰ
568 2222 622 2251 νῦν
639 2220 718 2251 Chr.
737 2219 806 2250 Pat.
826 2221 889 2259 844

1459 380 1522 421 890

1454 1053 1521 1085 900

1458 1386 1519 1419 905

1461 1720 1521 1751 910

1456 2050 1519 2082 915

1331 2131 1393 2180 895
1411 2130 1522 2163 ‘'Azsov

1047 2228 1109 2258 907
1135 2218 1154 2256 ἢ
1173 2217 1296 2248 M²V⁴=
1318 2219 1338 2256 ἢ
1358 2216 1452 2248 MA:
1478 2217 1521 2248 εἷς

202 2261 228 2291 Β
239 2261 270 2292 V
281 2261 307 2291 L
320 2261 346 2292 P
468 2262 533 2300 908
556 2262 671 2303 χρόνος
687 2265 822 2296 παλαιὸς
841 2263 948 2294 Lehrs
1074 2271 1111 2300 91
1123 2271 1135 2291 1
1163 2261 1190 2293 δ’
1206 2271 1272 2294 om.
1288 2261 1327 2292 V.
1377 2260 1519 2291 Versum

200 2314 264 2336 om.
282 2304 361 2336 Chr.
380 2304 448 2335 Pat.
466 2305 616 2345 860-865
635 2306 682 2346 (z
702 2306 783 2346 Hip.
799 2306 967 2345 907—913)v

201 2346 279 2378 Chr.
298 2345 369 2378 Pat.

1080 2314 1143 2344 912
1167 2303 1278 2345 καρδία
1293 2303 1387 2336 πάντ’
1407 2302 1521 2336 εἰδέναι
