1683 2732
678 98 881 136 EKABH

355 199 606 252 ὃοριθήρατος
632 200 727 252 πρὸς
753 200 939 253 Ἀχαιῶν,

290 266 403 307 οὐδὲν
427 266 584 308 παθέων
610 267 934 319 ἀποκουφίζουσ’,

289 332 381 373 ἀλλ’
407 333 596 386 ἀγγελίας
621 331 746 385 βάρος
771 332 943 384 ἀραμένη
1386 347 1446 379 105

284 399 387 452 μέγα
414 399 483 439 σοί
504 415 558 445 τε,
586 398 712 452 γύναι,
741 398 863 452 κῆρυξ
885 399 1028 453 ἀχέων.

289 468 331 506 ἐν
356 467 430 518 γὰρ
455 465 629 519 Ἀχαιῶν
653 464 796 517 πλήρει
819 465 967 521 ξυνόδῳ

286 531 448 583 λέγεται
472 531 583 582 δόξαι
608 531 684 582 σὴν
707 531 813 573 παῖδ’
838 532 998 586 Ἀχιλεῖ

288 597 470 650 σφάγιον
496 597 649 638 θέσθαι·
687 599 838 649 τύμβου
864 598 897 639 δ’
923 600 1068 650 ἐπιβὰς

288 663 390 704 οἶσθ’
414 665 480 704 ὅτε
503 663 689 717 χρυσέοις
714 664 840 717 ἐφάνη
868 665 943 706 σὺν
967 666 1119 712 ὅπλοις,
1386 679 1445 701 110

287 732 357 772 τὰς
381 731 648 783 ποντοπόρους
672 730 704 770 δ’
729 730 829 784 ἔσχε
854 732 1017 785 σχεδίας

285 798 410 849 λαίφη
437 797 643 850 προτόνοις
668 797 980 849 ἐπερειδομένας,

287 863 380 904 τάδε
406 862 612 904 θωΰσσων·

287 933 370 971 Ποῖ
391 929 449 980 δή,
481 931 645 976 Δαναοί,
673 930 742 971 τὸν
768 930 862 981 ἐμὸν
886 931 1041 982 τύμβον

355 996 571 1037 στέλλεσθ’
598 996 819 1049 ἀγέραστον
844 996 1034 1049 ἀφέντες;
1389 1009 1446 1039 115

288 1065 442 1113 πολλῆς
468 1063 500 1103 δ’
526 1063 650 1114 ἔριδος
676 1062 894 1104 συνέπαισε
920 1064 1083 1109 κλύδων,

288 1127 383 1178 δόξα
408 1128 441 1169 δ’
467 1130 608 1182 ἐχώρει
632 1129 710 1183 δίχ’
736 1129 795 1170 ἀν’
819 1129 1029 1180 ξΕλλήνων

290 1195 460 1247 στρατὸν
484 1195 694 1248 αἰχμητήν,
721 1200 804 1238 τοῖς
827 1198 900 1247 μὲν
924 1197 1074 1236 διδόναι

288 1262 426 1316 τύμβῳ
453 1261 642 1314 σφάγιον,
670 1265 751 1303 τοῖς
777 1261 810 1301 δ’
837 1261 925 1315 οὐχὶ
951 1265 1100 1303 δοκοῦν.

286 1327 335 1378 ἦν
359 1328 391 1368 δ’
417 1329 437 1367 ὁ
461 1328 506 1367 τὸ
530 1330 602 1378 μὲν
627 1327 699 1368 σὸν
726 1329 906 1369 σπεύδων
930 1328 1079 1380 ἀγαθὸν
1388 1341 1446 1363 120

288 1396 358 1445 τῆς
382 1395 625 1445 μαντιπόλου
650 1393 810 1448 Βάκχης
835 1394 991 1448 ἀνέχων

286 1460 416 1513 λέκτρ’
441 1460 713 1512 Ἀγαμέμνων·

286 1528 340 1566 τὼ
367 1528 548 1577 Θησείδα
572 1526 618 1573 δ’,
646 1527 720 1575 ὄζω
746 1526 937 1577 Ἀθηνῶν,

287 1597 438 1634 δισσῶν
461 1593 594 1644 μύθων
617 1591 778 1645 ῥήτορες
802 1592 917 1642 ἦσαν·

287 1656 426 1716 γνώμῃ
453 1661 494 1700 δὲ
518 1664 589 1714 μιᾷ
614 1660 917 1712 συνεχωρείτην,
1386 1670 1446 1701 125

286 1727 356 1768 τὸν
382 1726 615 1779 Ἀχίλλειον
639 1726 794 1777 τύμβον
819 1728 1044 1778 στεφανοῦν

288 1794 422 1844 αἵματι
446 1796 602 1847 χλωρῷ,
629 1794 677 1832 τὰ
702 1794 744 1833 δὲ
771 1791 1008 1844 Κασάνδρας

287 1858 418 1911 λέκτρ’
443 1860 512 1900 οὐκ
538 1858 691 1911 ἐφάτην
715 1860 785 1908 τῆς
809 1857 1014 1912 Ἀχιλείας

354 1926 530 1977 πρόσθεν
556 1924 695 1976 θήσειν
719 1926 815 1966 ποτὲ
838 1925 1006 1977 λόγχης.

289 1992 459 2033 σπουδαὶ
485 1993 526 2032 δὲ
549 1992 683 2044 λόγων
709 1990 1042 2041 κατατεινομένων
1387 2000 1448 2032 130

288 2056 393 2107 ἦσαν
416 2059 502 2098 ἵσαι
526 2074 620 2105 πως,
645 2058 736 2109 πρὶν
762 2058 782 2096 ὁ
807 2057 1081 2109 ποικιλόφρων

289 2125 400 2167 κόπις
423 2124 617 2176 ἡδυλόγος
643 2123 937 2177 δημοχαριστῆς

171 2225 230 2255 105
265 2215 414 2257 αι’ρομένη
439 2215 488 2246 Pl
501 2226 507 2245 :
544 2215 679 2256 ἀραμένη
702 2214 733 2245 V
892 2214 951 2244 108
987 2214 1100 2253 ἀχιλεΐ
1122 2211 1178 2242 M:
1214 2212 1352 2252 ἀχιλλεῖ
1373 2211 1445 2242 rell.

128 2258 186 2289 116
211 2259 369 2291 συνέπεσε
386 2259 482 2289 codd.
500 2263 534 2289 et
551 2263 593 2291 Σε
619 2268 705 2289 corr.
724 2257 903 2297 Byzantini
922 2256 1131 2296 (συνέκρουσε
1150 2255 1264 2286 Schol.
1287 2255 1447 2294 Byzant.)

129 2311 187 2340 117
219 2301 385 2334 Ἑλλάνων
408 2302 523 2333 codd.:
557 2314 577 2339 η
601 2310 770 2340 suprascr.
796 2300 857 2330 Pv
979 2309 1040 2329 120
1064 2298 1090 2330 δ’
1109 2301 1125 2330 ὁ
1149 2297 1234 2328 LP:
1271 2298 1305 2330 δὲ
1328 2297 1400 2328 rell.
1424 2302 1448 2330 Σ

128 2354 187 2383 123
212 2344 274 2376 b'w
294 2344 330 2383 L,
349 2343 437 2383 ὄζωῖ
570 2344 630 2374 128
654 2344 826 2384 ἂχιλλεῖας
844 2343 962 2374 codd.:
988 2351 1070 2373 corr.
1093 2341 1272 2381 Byzantini
