1651 2780
606 82 954 121 ΕὙΡΙΙἸΙΔΟΎ

213 193 364 247 χοῦτως
390 191 436 233 ἂν
462 192 529 234 οὐκ
555 191 602 242 ἦν
627 191 740 232 οὐδὲν
763 192 984 244 ἀνθρώποις
1011 190 1140 231 κακόν.
1373 202 1436 234 575

115 263 185 301 Χο.
212 259 360 307 Ἰἃσον,
389 259 430 300 εὖ
454 261 526 310 μὲν
550 258 682 299 τούσδ’
710 259 938 309 ἐκόσμησας
962 258 1118 310 λόγους·

213 327 317 378 ὅμως
341 325 375 366 δ’
401 325 546 378 ἔμοιγε,
578 327 635 366 κεί
660 327 765 377 παρὰ
789 326 948 378 γνώμην
975 326 1061 376 ε’ρῶ,

215 396 340 435 δοκεῖς
364 392 530 445 προδοὺς
555 392 631 442 σὴν
657 392 809 445 ἄλοχον
835 391 879 432 οὐ
904 393 1033 432 δίκαια
1057 393 1164 443 δρᾶν.

116 464 197 511 Μη.
215 459 238 511 ἦ
264 461 397 501 πολλὰ
422 463 588 501 πολλοῖς
615 461 693 510 εἰμι
719 458 907 511 διάφορος
931 461 1101 511 βροτῶν.

216 527 302 578 ἐμοὶ
327 528 400 579 γὰρ
426 527 537 568 ὅστις
561 526 691 568 ἄδικος
719 525 771 566 ὢν
798 525 926 578 σοφὸς
949 524 1085 577 λέγειν
1375 529 1440 567 580

216 593 382 645 πέφυκε,
410 594 606 643 πλείστην
634 593 772 643 ζημίαν
798 590 1049 644 ὀφλισκάνει·

216 660 385 716 γλώσσῃ
412 662 486 712 γὰρ
513 660 645 713 αὐχῶν
672 659 793 700 τᾶδικ’
822 659 862 699 εὖ
886 662 1150 711 περιστελεῖν,

218 732 347 782 τολμᾷ
371 730 618 778 πανουργεῖν·
659 727 747 767 ἔστι
772 725 805 765 δ’
831 727 898 767 οὐκ
922 725 1024 778 ἄγαν
1049 726 1190 778 σοφός.

216 795 267 835 ὡς
294 795 355 834 καὶ
381 794 431 834 σὺ
455 792 506 845 μή
532 810 600 834 νυν
628 794 682 835 εἷς
708 791 1006 845 ἕμ’”εὐσχήμων
1032 791 1126 848 γένῃ

217 860 354 912 λέγειν
379 877 419 900 τε
445 861 583 901 δεινός.
657 860 699 900 ἓν
725 861 799 912 γὰρ
825 861 974 899 ε’κτενεῖ
997 859 1035 897 σ’
1061 859 1166 900 ἔπος·
1378 863 1441 902 585

218 929 317 981 χρῆν
344 927 396 972 σ’,
425 928 532 978 εἴπερ
559 925 664 976 ἦσθα
689 926 741 977 μὴ
769 927 895 971 κακός,
924 924 1119 966 πείσαντά
1141 942 1189 976 με

219 997 359 1045 γαμεῖν
384 993 511 1045 γάμον
535 992 653 1038 τόνδ’,
682 994 787 1032 ἀλλὰ
811 992 862 1043 μὴ
892 998 986 1048 σιγῇ
1011 993 1156 1043 φίλων.

124 1064 174 1101 Ια.
215 1064 342 1101 καλῶς
368 1059 403 1112 γ’
429 1059 486 1105 ἄν,
515 1060 634 1109 οἶμαι,
664 1058 750 1113 τῷδ’
775 1057 978 1110 ὑπηρέτεις
1002 1059 1123 1113 λόγῳ,

219 1129 255 1168 εἴ
278 1144 343 1168 σοι
369 1126 495 1178 γάμον
522 1129 719 1171 κατεῖπον,
747 1126 830 1176 ἥτις
855 1125 941 1165 οὐδὲ
966 1128 1037 1166 νῦν

216 1199 364 1249 τολμᾷς
388 1195 564 1244 μεθεῖναι
592 1193 750 1244 καρδίας
773 1191 899 1244 μέγαν
924 1192 1061 1245 χόλον.
1381 1203 1445 1235 590

121 1265 201 1312 Μη.
221 1261 264 1301 οὐ
289 1261 403 1301 τοῦτό
428 1260 465 1299 σ’
494 1260 613 1314 εἶχεν,
642 1261 748 1300 ἀλλὰ
773 1258 982 1311 βάρβαρον
1006 1257 1129 1312 λέχος

219 1327 318 1380 πρὸς
343 1329 466 1380 γῆρας
491 1327 557 1367 οὐκ
587 1325 745 1377 εὔδοξον
772 1324 958 1377 ἐξέβαινέ
982 1342 1061 1366 σοι.

126 1403 179 1438 la.
219 1395 260 1435 εὖ
285 1397 354 1435 νῦν
380 1393 459 1434 τόδ’
486 1395 583 1439 ἴσθι,
610 1393 663 1444 μὴ
690 1392 871 1445 γυναικὸς
896 1393 1038 1434 οὕνεκα

218 1461 344 1513 γῆμαί
365 1478 413 1512 με
436 1460 583 1512 λέκτρα
609 1459 817 1511 βασιλέων
841 1459 866 1499 δι
889 1462 958 1500 νῦν
983 1459 1076 1512 ἔχω,

220 1527 326 1573 ἀλλ’,
355 1528 489 1579 ὥσπερ
517 1526 627 1568 εἶπον
655 1527 716 1567 καὶ
742 1526 878 1578 πάρος,
907 1530 1038 1581 σῷσαι
1063 1525 1192 1566 θέλων
1381 1537 1444 1568 595

221 1596 281 1642 σέ,
310 1596 372 1636 καὶ
397 1594 572 1635 τέκνοισι
596 1597 678 1635 τοῖς
705 1593 812 1644 ἐμοῖς
837 1590 1086 1643 ὁμοσπόρους

220 1663 346 1711 φῦσαι
371 1658 583 1711 τυράννους
608 1661 762 1703 παῖδας,
791 1658 911 1709 ἔρυμα
938 1658 1102 1708 δώμασι.

121 1730 202 1777 Μη.
219 1725 271 1777 μή
296 1743 363 1777 μοι
388 1725 542 1778 γένοιτο
567 1724 716 1777 λυπρὸς
742 1724 932 1776 εὐδαίμων
956 1725 1047 1776 βίος

218 1793 307 1844 μηδ’
334 1795 460 1844 ὄλβος
484 1793 596 1834 ὅστις
621 1791 692 1842 τὴν
717 1791 815 1842 ἐμὴν
841 1791 962 1841 κνίζοι
987 1791 1127 1844 φρένα.

122 1863 177 1900 Ια.
218 1859 321 1900 οἶσθ’
348 1860 398 1901 ὡς
422 1856 617 1911 με’τευξαι,
647 1859 709 1899 καὶ
734 1857 946 1912 σοφωτέρα
971 1864 1098 1916 φανῇ;
1382 1862 1446 1894 600

161 1961 223 1990 575
249 1952 374 1991 χοῦτως
391 1949 523 1982 AVB:
550 1951 649 1982 οὕτως
667 1950 693 1982 δ’
714 1948 799 1980 LP:
824 1950 923 1981 οὕτως
940 1947 1167 1979 Wilamowitz
1300 1956 1361 1985 577
1389 1948 1447 1987 ε’ρῶ

118 1994 187 2024 AV
200 1995 227 2024 B
246 2007 252 2025 :
276 1995 363 2035 λέγω
383 1995 408 2024 L
421 1994 447 2024 P
596 1994 660 2032 582
684 1995 799 2025 τᾶδικα
816 1993 843 2024 δ’
862 1992 896 2024 εὖ
911 1991 943 2022 Α
1096 1991 1160 2029 583
1184 1989 1281 2030 ἄγαν]
1302 1990 1447 2021 sortasse

118 2039 208 2069 οὕτω.
260 2037 309 2068 Cs.
330 2049 359 2068 v.
381 2047 444 2075 305
609 2038 671 2075 584
698 2038 737 2068 ὣς
756 2036 893 2068 Brunck
1058 2035 1120 2073 585
1147 2036 1274 2065 ἐκτενεῖ
1289 2032 1319 2064 σ’
1337 2032 1406 2063 AL
1421 2032 1448 2063 Ρ

116 2094 167 2122 γρ.
197 2081 260 2114 ΣΒ
292 2082 347 2119 (cf.
381 2080 532 2111 Eustath.
568 2080 603 2111 ΙΙ.
636 2091 667 2119 p.
694 2081 797 2119 672³:
833 2080 943 2111 κτενεῖ
967 2078 997 2110 σ’
1022 2077 1070 2108 V:
1107 2090 1144 2109 σε
1171 2079 1281 2108 κτενεῖ
1307 2075 1357 2107 B:
1392 2075 1447 2108 οὖν

119 2127 229 2155 κτενεῖ
249 2125 278 2155 σ“
300 2130 324 2164 j>
464 2125 528 2163 586
559 2123 708 2155 πείσαντ’
734 2122 790 2162 ἐμὲ
816 2122 944 2153 Porson
1099 2121 1162 2159 588
1195 2121 1278 2159 οἶμαι
1304 2119 1445 2151 Nauck:

119 2169 174 2201 οὖν
189 2182 241 2209 μοι
261 2169 286 2199 L
299 2169 344 2200 P:
371 2170 425 2201 οὖν
444 2171 483 2201 σὺ
498 2169 588 2200 AV:
616 2168 671 2199 οὖν
687 2168 735 2208 <et
759 2166 972 2208 ἐξυπηρετεῖςῖ
992 2165 1019 2195 Β
1196 2173 1259 2202 594
1283 2163 1447 2200 βασιλέων

119 2212 290 2251 Elmsley:
325 2213 487 2249 βασίλεως
512 2212 608 2243 codd.
800 2219 863 2249 599
895 2208 993 2248 κνίζοι
1018 2207 1083 2238 ΒΡ
1108 2217 1181 2238 cum
1207 2207 1301 2237 Stob.
1325 2216 1377 2246 93.
1403 2214 1447 2243 5:

119 2255 217 2296 κνίζει
234 2256 264 2286 Α
278 2255 304 2285 L
316 2255 346 2285 V
364 2256 421 2294 (de
437 2255 468 2285 A
487 2266 554 2285 non
573 2253 717 2293 certum)
911 2253 977 2282 600
999 2252 1146 2291 μέτευξαι
1166 2250 1325 2288 Elmsley,
1345 2254 1392 2287 et,
1410 2253 1446 2279 ut

119 2299 262 2339 videtur,
291 2304 314 2332 Σ
340 2299 447 2339 (οἶσθα
472 2300 511 2330 ὡς
539 2311 575 2330 σε
605 2299 668 2330 ἔδει
696 2296 945 2337 μετεύξασθαι);
977 2295 1113 2336 μετεύξῃ
1140 2294 1222 2325 libri.
1273 2292 1322 2324 Cf.
1350 2292 1444 2331 Cycl.

123 2353 179 2382 131
