1683 2732
572 78 936 117 ΙΠΠΟΛΎΤΟΣ

190 181 281 222 ἀλλ”
306 183 348 222 ἐκ
373 180 552 237 πατρῴας
579 183 708 234 φυγὰς
733 182 935 231 ἀλητεύων
960 182 1103 234 χθονὸς
1331 189 1412 228 ῐο48

188 249 322 300 ὥσπερ
348 249 397 288 σὺ
422 251 551 302 σαυτῷ
577 248 689 287 τόνδε
714 247 938 298 προύθηκας
964 249 1143 299 νόμον-
1334 255 1414 295 ¹046

187 311 321 366 [ξένην
346 314 407 355 ἐπ’
432 313 522 354 αἶαν
548 312 700 365 λυπρὸν
725 311 939 363 ἀντλήσεις
964 315 1071 364 βίον·
1333 329 1416 361 1049

187 379 331 431 μισθὸς
354 381 430 432 γὰρ
454 379 567 421 οὗτός
592 381 704 419 ἐστιν
731 379 841 431 ἀνδρὶ
866 377 1089 431 δυσσεβεῖ.]
1332 396 1414 426 1050

90 449 149 487 Ιπ.
187 448 303 497 οἴμοι,
329 447 370 486 τί
390 445 568 499 δράσεις;
607 445 696 486 οὐδὲ
720 445 893 497 μηνυτὴν
917 447 1062 498 χρόνον

188 511 281 568 δέξῃ
306 512 389 552 καθ’
413 512 536 563 ἡμῶν,
564 511 671 552 ἀλλά
695 511 735 563 μ’
761 511 901 566 ἐξελᾷς
925 512 1089 565 χθονός;

88 581 166 629 Θη.
187 578 312 631 πέραν
335 596 382 631 γε
406 579 551 619 πόντου
578 579 641 619 καὶ
666 579 799 618 τόπων
824 578 1105 624 Ἀτλαντικῶν,

186 647 223 685 εἵ
245 661 326 687 πως
352 645 552 696 δυναίμην,
581 645 631 686 ὡς
657 644 730 684 σὸν
757 645 928 698 ἐχθαίρω
955 644 1063 697 κάρα.

87 714 148 752 Ιπ.
185 711 264 751 οὐδ’
290 712 406 763 ὅρκον
429 711 518 752 οὐδὲ
545 713 680 751 πίστιν
707 711 796 751 οὐδὲ
819 710 998 762 μάντεων
1327 724 1410 755 1055

186 777 320 830 φήμας
345 776 511 830 ἐλέγξας
538 777 696 829 ἄκριτον
722 779 909 828 ἐκβαλεῖς
932 795 982 828 με
1006 780 1098 830 γῆς;

86 847 162 895 Θη.
186 845 209 895 ἡ
236 844 373 886 δέλτος
397 845 465 895 ἥδε
491 846 637 897 κλῆρον
662 843 707 883 οὐ
731 843 943 896 δεδεγμένη

185 914 395 963 κατηγορεῖ
418 927 490 951 σου
515 910 652 951 πιστά·
689 910 779 952 τοὺς
804 909 837 950 δ’
861 911 959 962 ὑπὲρ
987 910 1084 963 κάρα

186 981 408 1029 φοιτῶντας
433 979 539 1030 ὅρνις
563 977 683 1018 πόλλ’
712 978 789 1029 ἐγὼ
814 978 968 1030 χαίρειν
992 977 1113 1030 λέγω.

85 1047 145 1084 Ιπ.
184 1041 213 1084 ὦ
239 1044 334 1089 θεοί,
360 1045 401 1084 τί
423 1046 520 1094 δῆτα
544 1043 687 1094 τούμὸν
713 1043 757 1083 οὐ
781 1043 862 1083 λύω
888 1044 1029 1095 στόμα,
1328 1049 1410 1081 1060

184 1111 295 1152 ὅστις
320 1109 357 1162 γ’
382 1109 450 1163 ὑφ’
476 1111 594 1161 ὑμῶν,
621 1110 688 1152 οὓς
714 1109 839 1161 σέβω,
866 1111 1103 1161 διόλλυμαιξ

184 1176 229 1216 οὐ
253 1179 362 1226 δῆτα·
402 1176 555 1218 πάντως
582 1176 626 1216 οὐ
651 1176 799 1227 πίθοιμ’
825 1176 873 1217 ἂν
899 1177 965 1219 οὕς
989 1195 1038 1228 με
1063 1180 1133 1224 δεῖ,

181 1242 309 1294 μάτην
335 1243 368 1284 δ’
396 1243 444 1283 ἂν
468 1244 605 1295 ὅρκους
630 1242 839 1297 συγχέαιμ’
865 1243 931 1285 οὓς
956 1244 1105 1295 ὤμοσα.

83 1312 162 1360 Θη.
182 1311 300 1360 οἴμοι,
329 1309 375 1349 τὸ
400 1309 548 1361 σεμνρν
573 1309 624 1351 ὥς
648 1309 687 1360 μ’
713 1310 923 1350 ἀποκτενεῖ
943 1309 988 1350 τὸ
1013 1311 1100 1351 σόν.

183 1375 250 1415 οὐκ
276 1375 313 1416 εἳ
337 1374 518 1431 πατρῴας
544 1375 654 1417 ἐκτὸς
680 1375 730 1418 ὡς
754 1375 928 1429 τάχιστα
952 1378 1045 1429 γῆς;
1323 1380 1405 1419 1065

84 1445 142 1483 Ιπ.
181 1446 252 1483 ποῖ
273 1441 356 1492 δῆθ’
382 1443 402 1481 ὁ
427 1441 586 1493 τλήμων
613 1441 829 1494 τρέψομαι;
867 1443 973 1484 τίνος
998 1442 1122 1493 ξένων

181 1508 323 1559 δόμους
348 1508 491 1559 ἔσειμι,
519 1508 602 1565 τῇδ’
629 1508 690 1549 ἐπ’
715 1509 819 1562 αἰτίᾳ
844 1509 1002 1561 φυγών,·

82 1576 159 1625 Θη.
182 1575 294 1616 ὅστις
318 1578 511 1626 γυναικῶν
537 1578 740 1625 λυμεῶνας
764 1574 898 1625 ἥδεται

181 1639 316 1691 ξένους
344 1641 511 1691 κομίζων
537 1641 600 1681 καὶ
624 1640 895 1693 ξυνοικούρους
921 1645 1058 1682 κακῶν.

83 1709 140 1746 Ιπ.
180 1708 273 1753 αἰαῖ,
301 1706 396 1759 πρὸς
419 1706 537 1760 ἧπαρ·
576 1707 750 1760 δακρύων
777 1705 838 1760 [τ’]
864 1708 981 1761 ἐγγὺς
1005 1709 1108 1754 τόδε,
1322 1719 1404 1751 1070

180 1774 213 1814 εἰ
238 1773 283 1823 δὴ
312 1775 426 1816 κακός
451 1791 497 1826 γε
522 1774 727 1827 φαίνομαι,
755 1777 855 1814 δοκῶ
880 1774 924 1815 τέ
949 1792 1025 1816 σοι.

81 1841 158 1889 Θη.
179 1840 267 1880 τότε
294 1839 497 1890 στενάζειν
524 1841 586 1881 καὶ
610 1841 928 1893 προγιγνώσκειν
954 1841 992 1880 σ’
1018 1843 1140 1894 ἐχρῆν

124 1932 207 1969 1046
235 1931 440 1971 transposuit
456 1931 548 1963 Weil
641 1942 723 1971 1049
747 1932 810 1964 del.
828 1932 930 1964 Weil.
981 1932 1030 1963 Cf.
1050 1933 1113 1971 898
1205 1941 1287 1970 1050
1311 1934 1402 1965 ἐστιν

78 1972 169 2005 οὗτος
186 1973 292 2004 VLP
381 1977 414 2006 ἐν
437 1977 573 2007 πολλοῖς
597 1977 632 2007 οὐ
657 1975 786 2018 φέρεται
811 1975 904 2008 οὗτος
927 1978 943 2007 ὁ
966 1977 1082 2015 ἴαμβος
1106 1980 1139 2008 Σ.
1190 1974 1292 2006 Delet
1308 1975 1401 2007 Weil

82 2026 163 2055 1053
187 2018 238 2048 καὶ
262 2017 369 2049 τόπων
389 2017 496 2048 VLP
522 2018 637 2059 (τόπον
662 2018 706 2050 P:
741 2029 825 2050 corr.
845 2022 884 2059 p)
911 2032 962 2060 γρ.
987 2019 1039 2048 A:
1072 2018 1233 2059 τερμόνων
1256 2019 1286 2050 τ’
1303 2018 1398 2050 AO:

77 2059 237 2101 τερμόνων
255 2059 286 2089 Μ
300 2060 337 2091 Β.
387 2061 438 2092 Cf.
455 2071 484 2092 v.
502 2072 522 2100 3
683 2064 765 2101 1056
790 2062 939 2103 ἐλέγχων
958 2062 987 2092 Α
1000 2062 1027 2092 Β
1194 2071 1276 2100 1059
1300 2061 1399 2101 ὄρνεις

80 2102 111 2132 Μ
124 2103 152 2132 V
297 2104 379 2134 1060
402 2104 468 2136 λύω
486 2104 653 2144 Elmsley:
680 2106 770 2137 λύσω
788 2106 885 2135 codd.
1032 2106 1111 2135 1061
1139 2105 1227 2144 ἡμῶν
1246 2105 1277 2135 Μ
1289 2105 1319 2135 V
1331 2105 1398 2136 ΡΟ

81 2147 162 2176 1062
187 2146 322 2185 πείθοιμ’
339 2156 375 2176 se
393 2148 567 2186 corrigens
581 2148 625 2178 M¹
640 2159 646 2179 :
672 2148 795 2187 πύθωμ’
809 2148 840 2178 Α
930 2147 975 2180 οἷς
990 2147 1016 2178 P
1123 2149 1205 2187 1064
1230 2149 1401 2180 ἀποκτενεῖ

77 2188 145 2218 VB
160 2189 185 2219 L
199 2189 242 2219 P:
285 2190 465 2221 ἀποκτείνει
498 2190 574 2221 MA
604 2204 654 2233 γρ.
687 2202 707 2221 v
885 2192 967 2229 1065
1007 2193 1047 2223 ὡς
1077 2205 1105 2223 τ.
1138 2205 1171 2232 γ.
1208 2191 1301 2223 ἐκτός
1333 2191 1359 2221 L
1372 2191 1398 2222 P

81 2233 164 2262 1066
186 2232 253 2269 δῆθ’
271 2234 287 2263 ὃ
306 2232 337 2261 Μ
349 2232 380 2262 Α
393 2233 419 2262 Β
437 2244 473 2265 v:
500 2236 582 2271 δῆτα
596 2235 626 2265 V
638 2234 664 2264 L
676 2234 702 2264 P
847 2236 928 2273 1069
952 2234 1165 2276 ξυνοικούρους
1184 2234 1210 2264 L
1224 2234 1250 2264 P
1265 2245 1272 2265 :
1295 2246 1398 2266 συνοι-

77 2276 206 2316 κουροὺς
231 2275 323 2306 rell.:
357 2278 600 2317 συνοικουργοὺς
622 2278 653 2308 V
679 2277 892 2319 (συνεργάτας
915 2281 979 2309 τῶν
1003 2280 1107 2309 κακῶν
1131 2278 1171 2317 Σ)
1274 2278 1394 2318 κακῶν]

76 2319 180 2357 δόμων
196 2318 426 2349 Wilamowitz
577 2330 657 2359 1070
680 2321 710 2352 ·r’
730 2321 795 2352 del.
813 2321 1043 2352 Wilamowitz
1196 2329 1273 2359 1071
1300 2320 1396 2352 κακός

76 2374 113 2392 τε
129 2361 160 2391 V
174 2362 198 2391 L
210 2361 236 2391 P
355 2372 435 2399 1072
459 2362 535 2394 τότε
553 2364 591 2401 δὴ
607 2363 638 2393 V
728 2364 757 2395 α’
776 2373 839 2393 om.
858 2364 889 2393 V
902 2364 927 2393 L
939 2364 965 2393 P

1209 2392 1266 2421 16*
