1683 2732
649 81 1041 119 ΗΡΑΚΛΕΙΔΑΙ

286 184 364 236 ἐγὼ
388 185 430 224 δὲ
457 183 518 224 καὶ
546 183 619 233 ζῶν
645 184 706 224 καὶ
734 183 874 229 θανών,
901 184 994 224 ὅταν
1021 183 1138 229 θάνω,
1450 199 1511 231 320

284 253 423 304 πολλῷ
450 249 489 289 σ’
513 251 658 304 ἐπαίνῳ
687 248 870 300 Θησέως,
897 246 925 289 [B
950 253 1035 295 τᾶν,
1061 249 1186 291 πέλας

284 315 443 368 ὑψηλὸν
467 316 545 368 ἀρῶ
572 315 635 355 καὶ
662 315 793 368 λέγων
817 315 898 355 τάδ’
925 316 1120 368 εὐφρανῶ,

287 382 338 423 ὡς
364 382 404 422 εὗ
429 380 461 421 τ’
488 380 606 432 ἐδέξω
636 382 697 422 καὶ
721 381 917 423 τέκνοισιν
941 381 1112 434 ἤρκεσας

285 452 366 490 τοῖς
390 447 659 500 Ἱ-Ιρακλείοις,
688 448 848 501 εὐγενὴς
873 448 906 488 δ’
933 448 991 488 ἀν’
1016 448 1197 489 Ἑλλάδα

287 512 424 569 σῴζεις
450 513 635 570 πατρῴαν
662 513 792 565 δόξαν,
820 514 866 565 ἐξ
888 516 1044 556 ἐσθλῶν
1071 518 1112 556 δὲ
1137 516 1215 568 φὺς
1451 530 1510 561 325

286 581 398 623 οὐδὲν
424 581 566 622 κακίων
593 581 803 635 τυγχάνεις
827 582 954 634 γεγὼς
979 582 1137 633 πατρός,

286 647 443 700 παύρων
467 647 551 699 μετ’
578 648 725 688 ἄλλων·
763 648 832 688 ἕνα
857 650 930 700 γὰρ
957 649 999 688 ἐν
1024 652 1191 691 πολλοῖς
1216 649 1312 691 ἴσως

287 715 412 766 εὕροις
437 714 484 755 ἂν
511 715 623 757 ὅστις
648 715 734 755 ἐστὶ
757 714 809 766 μὴ
836 716 980 768 χείρων
1005 716 1163 767 πατρός.

186 784 258 822 Χο.
285 781 350 822 ἀεί
370 781 458 822 ποθ’
484 781 552 832 ἥδε
577 785 670 834 γαΐα
693 785 776 823 τοῖς
801 781 1019 834 ἀμηχάνοις

289 848 363 889 σὺν
387 852 440 903 τῷ
467 850 599 903 δικαίῳ
625 849 817 900 βούλεται
841 851 1134 901 προσωφελεῖν.
1452 863 1513 894 330

286 916 423 967 τοιγὰρ
449 915 593 957 πόνους
618 914 663 965 δὴ
688 915 845 966 μυρίους
870 916 965 967 ὑπὲρ
991 916 1122 968 φίλων

286 980 441 1034 ἤνεγκε,
471 981 532 1022 καὶ
557 985 624 1022 νῦν
649 981 753 1022 τόνδ’
779 980 896 1034 ἀγῶν’
922 982 998 1034 ὁρῶ
1023 981 1159 1024 πέλας.

189 1053 264 1099 Δη.
283 1048 352 1088 σοί
372 1047 405 1087 τ’
432 1049 472 1088 εὗ
497 1047 695 1094 λέλεκται,
724 1048 786 1088 καὶ
810 1049 858 1087 τὰ
881 1047 995 1089 τῶνδ’
1022 1048 1143 1102 αὐχῶ,
1169 1047 1299 1102 γέρον,

287 1114 431 1154 τοιαῦτ’
459 1114 638 1155 ἔσεσθαι·
675 1114 987 1165 μνημονεύσεται
1011 1114 1138 1168 χάρις.

289 1182 395 1233 κάγὼ
419 1183 490 1232 μὲν
517 1182 648 1221 ἀστῶν
675 1181 880 1233 σύλλογον
908 1179 1122 1232 ποήσομαι,
1452 1196 1512 1227 335

287 1247 392 1298 τάξω
417 1247 463 1294 δ’,
491 1248 595 1290 ὅπως
619 1247 667 1288 ἂν
691 1247 759 1288 τὸν
785 1248 1024 1298 Μυκηναίων
1049 1248 1220 1300 στρατὸν

288 1319 420 1371 πολλῇ
446 1313 620 1367 δέχωμαι
646 1316 761 1368 χειρί·
800 1318 934 1367 πρῶτα
956 1316 1029 1365 μὲν
1055 1315 1229 1356 σκοποὺς

288 1379 435 1433 πέμψω
462 1381 557 1432 πρὸς
582 1380 711 1427 αὐτόν,
737 1380 790 1432 μὴ
814 1380 917 1437 λάθῃ
941 1398 991 1432 με
1015 1381 1271 1433 προσπεσών·

286 1447 408 1501 ταχὺς
433 1448 507 1501 γὰρ
526 1447 667 1500 ’Άργει
692 1450 768 1489 πᾶς
792 1447 888 1500 ἀνὴρ
913 1448 1148 1499 βοηδρόμος·

286 1513 444 1565 μάντεις
470 1513 501 1555 δ’
527 1515 717 1566 ἀθροίσας
743 1514 926 1565 θύσομαι.
999 1514 1049 1554 σὺ
1073 1513 1106 1554 δ’
1135 1515 1174 1556 ἐς
1198 1514 1340 1566 δόμους
1452 1527 1512 1558 340

288 1581 362 1621 σὺν
387 1580 502 1622 παισὶ
527 1581 659 1635 χώρει,
689 1580 815 1632 Ζηνὸς
840 1580 1019 1634 ἐσχάραν
1042 1581 1183 1621 λιπών.

289 1649 392 1688 εἰσὶν
417 1649 492 1700 γὰρ
518 1649 559 1687 οἵ
575 1664 660 1695 σου,
689 1647 760 1688 κᾶν
786 1648 864 1700 ἐγὼ
890 1650 1044 1700 θυραῖος
1068 1646 1110 1693 ὦ,

287 1713 478 1766 μέριμναν
505 1713 649 1765 ἕξουσ’.
721 1713 813 1754 ἀλλ’
839 1714 889 1754 ἴθ’
914 1715 953 1755 ἐς
978 1715 1131 1765 δόμους,
1159 1713 1287 1766 γέρον.

190 1785 242 1822 Io.
285 1781 352 1821 οὐκ
378 1780 426 1821 ἂν
450 1782 605 1832 λίποιμι
631 1782 783 1832 βωμόν·
824 1781 1027 1831 ἑζώμεσθα
1052 1780 1096 1830 δὴ

289 1847 410 1888 ἱκέται
434 1847 620 1898 μένοντες
647 1847 774 1888 ἐνθάδ’
800 1848 841 1888 εὖ
866 1846 1009 1899 πρᾶξαι
1035 1848 1164 1888 πόλιν·
1449 1859 1509 1889 345

289 1915 383 1955 ὅταν
408 1913 441 1954 δ’
467 1915 617 1966 ἀγῶνος
642 1913 744 1955 τοῦδ’
771 1914 1035 1970 ἀπαλλαχθῇς
1061 1916 1202 1962 καλῶς,

287 1982 374 2032 ἴμεν
398 1980 494 2032 πρὸς
519 1983 657 2022 οἴκους.
695 1996 698 1999 ’
729 1984 856 2021 θεοῖσι
882 1980 914 2020 δ’
940 1980 983 2019 οὐ
1009 1981 1188 2020 κακίοσιν

286 2048 500 2101 χρώμεσθα
525 2047 794 2101 συμμάχοισιν
819 2047 1022 2099 Ἀργείων,
1051 2045 1161 2096 ἄναξ·

229 2151 294 2180 320
318 2140 398 2173 θάνω
416 2140 608 2172 Brodaeus:
635 2140 728 2180 θοίνης
747 2141 772 2171 L
785 2140 812 2171 P
929 2150 988 2179 321
1015 2139 1038 2170 ὦ
1055 2139 1115 2171 τὰν
1133 2139 1158 2168 L
1172 2138 1216 2170 P:
1245 2142 1448 2177 suspectum,
1467 2137 1509 2167 cf.

187 2195 217 2215 v.
233 2185 298 2214 688
395 2193 458 2222 322
483 2185 545 2226 ἆρῶ
563 2184 731 2223 Elmsley:
757 2186 830 2225 αἴρω
850 2183 876 2214 L
889 2183 915 2213 P
1013 2193 1074 2221 323
1100 2184 1139 2214 ὡς
1157 2182 1184 2214 δ’
1200 2181 1225 2211 Ρ
1325 2182 1390 2220 336
1413 2181 1509 2220 τάξας

186 2229 213 2260 δ’
232 2227 418 2258 Kirchhofl‘
587 2228 651 2266 338
682 2228 725 2268 μὴ
750 2228 838 2265 λάβη
865 2227 890 2257 Ρ
1060 2236 1123 2264 340
1146 2225 1277 2265 μάντεις
1294 2225 1320 2256 δ’
1340 2224 1507 2261 Lenting:

184 2271 316 2310 μάντεις
331 2270 361 2302 τ’
382 2270 406 2300 L
419 2270 446 2300 P
594 2281 658 2310 344
684 2270 847 2310 ἑζώμεσθα
864 2269 1012 2308 Elmsley
1028 2280 1034 2298 t
1060 2268 1216 2308 ἑζόμεσθα
1235 2268 1259 2297 L
1274 2268 1300 2297 P
1318 2267 1509 2307 (εὐξόμεσθα

186 2314 221 2346 δὲ
239 2313 360 2353 Cobet),
495 2315 560 2352 346
584 2315 799 2356 ἆπαλλαχθῇς
818 2314 873 2343 Ι.Ίί
904 2314 1101 2354 ἀπαλλαχθῇ
1121 2312 1146 2341 L
1159 2312 1185 2341 Ρ
