1651 2780
663 128 1010 166 ΕΎῬῙΠῘΔΟΎ

266 230 432 283 Ἀργοῦς
459 229 555 281 κάρα
582 229 654 270 σὸν
681 229 860 285 λειψάνῳ
887 230 1178 283 πεπληγμένος,

266 298 405 349 πικρὰς
431 298 615 338 τελευτὰς
641 300 718 337 τῶν
745 298 846 348 ἐμῶν
873 295 1008 349 γάμων
1034 298 1138 338 ἰδών.

169 367 220 404 Ia.
333 361 439 403 ἀλλά
465 362 502 401 σ’
528 362 686 414 Ἐρινὺς
711 362 867 404 ὀλέσειε
892 363 1040 405 τέκνων

330 430 453 482 φονία
477 446 520 470 τε
548 429 662 479 Δίκη.
1415 445 1498 478 ¹390

165 499 246 547 Μη.
332 498 390 539 τίς
416 498 456 537 δὲ
483 496 592 536 κλύει
618 499 692 536 σοῦ
717 496 804 538 θεὸς
829 494 851 546 ἢ
877 497 1038 548 δαίμων,

331 566 399 603 τοῦ
423 563 644 615 ψευδόρκου
671 563 733 603 καὶ
758 561 1011 614 ξειναπάτου;

165 634 222 671 Ια.
335 632 413 682 φεῦ
438 632 526 682 φεῦ,
554 631 713 682 μυσαρὰ
739 630 800 670 καὶ
825 630 1072 683 παιδολέτορ.

164 700 246 748 Μη.
333 699 470 749 στεῖχε
496 695 592 749 πρὸς
619 697 746 738 οἴκους
773 697 835 738 καὶ
859 695 973 738 θάπτ’
998 697 1161 752 ἄλοχον.

166 768 220 803 Ια.
331 764 492 816 στείχω,
520 765 674 803 δισσῶν
699 763 736 816 γ’
762 763 905 816 ἄμορος
929 763 1088 805 τέκνων.
1415 779 1496 812 1395

164 833 246 881 Μη.
331 829 437 870 οὔπω
465 832 633 882 θρηνεῖς·
670 829 763 881 μένε
789 831 851 870 καὶ
877 833 1012 882 γῆρας.

166 900 221 936 Ια.
331 894 360 936 ὦ
385 895 502 936 τέκνα
529 896 717 947 φίλτατα.
792 915 811 926 ··
858 899 938 947 Mn.
1009 899 1128 950 μητρί
1150 915 1207 950 γε,
1237 898 1300 938 σοὶ
1328 898 1360 938 δ’
1386 899 1442 939 οὔ.

166 966 221 1003 Ια.
333 960 481 1003 κᾶπειτ’
508 962 662 1008 ἕκανες,·
802 966 882 1012 Μη.
956 963 1006 1003 σε’
1030 981 1075 1015 γε
1101 964 1348 1015 πημαίνουσ’.

167 1032 221 1069 Ια.
332 1029 440 1079 ὤμοι,
471 1029 609 1080 φιλίου
634 1028 764 1084 χρῄζω
791 1029 985 1080 στόματος

329 1095 478 1135 παίδων
504 1095 524 1133 ὁ
551 1094 674 1136 τάλας
699 1094 1039 1146 προσπτύξασθαι.
1415 1111 1497 1142 1400

166 1163 246 1211 Μη.
330 1165 397 1202 νῦν
424 1165 506 1213 σφε
533 1164 772 1216 προσαυδᾷς,
799 1165 867 1203 νῦν
892 1161 1061 1219 ἀσπάζῃ,

331 1226 410 1267 τότ’
435 1225 712 1279 ἀπωσάμενος.
853 1232 907 1268 Ια.
980 1229 1045 1272 δός
1067 1246 1134 1280 μοι
1158 1228 1255 1282 πρὸς
1280 1231 1379 1271 θεῶν

331 1297 510 1345 μαλακοῦ
535 1294 686 1347 χρωτὸς
711 1297 867 1346 ψαῦσαι
891 1294 1049 1336 τέκνων.

166 1364 247 1413 Μη.
332 1362 399 1402 οὐκ
424 1360 524 1401 ἔστι·
563 1359 690 1412 μάτην
718 1361 810 1403 ἔπος
835 1361 1023 1413 ἔρριπται.

165 1431 221 1469 Ια.
333 1430 423 1473 Ζεῦ,
449 1425 533 1467 τάδ’
561 1427 713 1469 ἀκούεις
740 1427 789 1469 ὡς
814 1428 1113 1479 ἀπελαυνόμεθ’,
1408 1443 1494 1474 1405

331 1491 394 1534 οἶά
419 1510 460 1534 τε
486 1491 699 1546 πάσχομεν
726 1494 767 1534 ἐκ
791 1496 860 1544 τῆς
883 1497 1061 1547 μυσαρᾶς

332 1560 393 1600 καὶ
418 1560 663 1612 παιδοφόνου
689 1561 811 1610 τῆσδε
834 1561 1012 1611 λεαίνης;

331 1625 421 1666 ἀλλ’
448 1626 597 1666 ὁπόσον
623 1628 720 1678 γοῦν
745 1625 850 1678 πάρα
875 1627 937 1668 καὶ
963 1627 1128 1679 δύναμαι

332 1689 423 1732 τάδε
447 1693 511 1733 καὶ
536 1694 666 1744 θρηνῶ
693 1691 923 1743 κᾶπιθεάζω,

330 1758 622 1810 μαρτυρόμενος
648 1759 836 1810 δαίμονας
860 1759 910 1802 ὥς
934 1776 1001 1811 μοι
1411 1774 1495 1804 1410

331 1824 448 1865 τέκνα
474 1825 645 1866 κτείνασ’
673 1826 916 1868 ἀποκωλύεις

330 1892 490 1944 ψαῦσαί
511 1908 554 1932 τε
578 1895 716 1945 χεροῖν
743 1890 870 1945 θάψαι
895 1909 937 1934 τε
961 1893 1130 1945 νεκρούς,

211 1985 292 2023 1388
325 1983 424 2024 ἐμῶν]
447 1983 527 2016 νέων
544 1983 635 2015 Weil
817 1994 899 2024 1392
932 1984 1106 2025 ξειναπάτα
1123 1983 1301 2015 LPBV¹:
1334 1987 1494 2025 ξεναπάτα

163 2027 193 2057 Α
209 2039 215 2057 ἰ
241 2027 430 2069 ξειναπάτου
447 2027 500 2057 Vl
624 2037 704 2066 1395
730 2028 762 2068 ‘y'
781 2028 894 2069 ἄμορος
915 2027 985 2058 Pl:
1008 2028 1040 2068 ’γ’
1058 2029 1195 2068 ἄμμορος
1213 2027 1272 2067 Bp
1288 2039 1294 2058 :
1317 2028 1351 2068 γ’
1368 2029 1493 2069 ἄμοιρος

165 2071 191 2101 L
204 2071 255 2102 V:
289 2072 415 2113 ἄμοιρος
431 2070 463 2101 Α
652 2072 735 2111 1396
766 2071 902 2113 γήρασιέ
922 2071 1064 2110 Porson,
1083 2071 1282 2110 synapheae
1305 2071 1492 2102 servandae

163 2124 263 2145 causa
355 2115 437 2154 1398
464 2115 574 2147 ἔκανες
593 2113 763 2154 Elmsley:
790 2115 920 2147 ἔκτανες
937 2115 1055 2146 codd.:
1083 2114 1201 2146 ἔκταςί
1291 2124 1373 2154 1399
1398 2113 1490 2154 ὤμοι]

164 2159 196 2189 αἳ
215 2159 247 2190 αἲ
264 2157 289 2187 L
303 2157 360 2188 Pv
540 2168 618 2197 1401
654 2157 732 2199 σφε]
755 2165 838 2199 σφας
855 2158 903 2188 V:
936 2168 1020 2189 corr.
1039 2168 1059 2188 v
1237 2168 1318 2196 1404
1351 2157 1426 2190 ἔπος
1443 2156 1492 2187 B:

164 2202 190 2233 δ’
222 2201 296 2233 ἔπος
327 2201 416 2232 AV:
455 2201 554 2243 λόγος
587 2201 652 2232 LP
802 2211 882 2240 1405
913 2214 966 2242 γρ.
999 2204 1072 2245 ὁρᾷς
1103 2212 1144 2233 v:
1178 2214 1229 2243 γρ.
1265 2202 1299 2233 ἶὼ
1332 2202 1390 2233 Ζεῦ
1421 2199 1492 2233 τάδ’

164 2244 287 2277 ἀκούεις
319 2244 385 2278 ΣΒ
418 2246 508 2276 unde
542 2244 725 2276 Kirchhoff
750 2244 773 2276 ὦ
810 2247 880 2283 Ζεῦ,
911 2244 981 2277 τάδ’
1013 2248 1104 2287 ὁρᾷς,·
1285 2255 1368 2284 1409
1403 2245 1490 2276 κάπι-

165 2287 263 2327 θεάζω
296 2287 473 2319 Blomfield
513 2289 554 2319 ad
587 2288 713 2319 Aeseh.
746 2287 833 2319 Cho.
865 2289 929 2327 842
963 2289 1136 2330 (=855):
1172 2287 1349 2328 κάπιθοάζω
1388 2287 1486 2318 codd.

169 2341 250 2370 1410
280 2332 347 2372 μοι]
370 2345 431 2372 μου
453 2331 480 2363 Β
662 2341 738 2370 1411
769 2331 869 2364 τέκνα
889 2331 1032 2364 κτείνασ“
1060 2331 1142 2362 LP:
1173 2331 1260 2364 τέκν’
1283 2329 1489 2363 &nox-reluat?

165 2373 276 2404 AVB
