1683 2732
693 73 1083 110 ΗΡΑΚΛΕΙΔΑΙ

324 178 386 218 καὶ
410 178 480 219 τὰς
506 175 695 226 Μυκήνας
718 176 831 216 οὐδὲν
856 175 1005 232 ἐργάσῃ
1032 176 1150 217 κακὸν

324 244 464 295 ἀνδρὸς
489 242 699 295 στερήσας·
738 242 830 282 ἀλλ’
859 242 943 293 ἐμοὶ
967 243 1085 294 μόνος
1109 244 1215 297 μόνῳ

323 308 456 363 μάχην
481 307 677 361 συνάψας,
704 305 727 358 ἦ
754 309 906 349 κτανὼν
933 308 1030 361 ἄγου
1054 310 1195 360 λαβὼν

323 376 412 418 τοὺς
435 375 696 427 Ἱ-Ιρακλείους
723 379 866 417 παῖδας
890 371 913 425 ἢ
940 376 1068 416 θανὼν
1094 376 1179 426 ἐμοὶ

323 444 437 494 τιμὰς
461 439 664 497 πατρῴους
690 442 752 482 καὶ
777 443 918 493 δόμους
944 441 1052 495 ἔχειν
1076 441 1188 495 ἄφες.
1492 449 1553 478 810

324 508 491 561 στρατὸς
516 508 549 548 δ’
576 508 749 565 ἐπῄνεσ’,
777 508 817 550 ἔς
841 508 874 548 τ’
903 509 1139 560 ἀπαλλαγὰς
1164 509 1297 549 πόνων

325 580 453 618 καλῶς
475 574 670 629 λελέχθαι
692 577 815 626 μῦθον
841 574 879 617 ἔς
904 574 938 614 τ’
965 574 1171 628 εὐψυχίαν.

322 641 343 682 ὃ
368 642 399 682 δ’
425 643 513 683 οὔτε
537 642 626 684 τοὺς
653 642 842 684 κλύοντας
867 641 1062 684 αἰδεσθεὶς
1084 642 1218 694 λόγων

324 709 404 749 οὔτ’
429 709 543 750 αὐτὸς
568 710 686 749 αὑτοῦ
709 709 862 750 δειλίαν
887 708 1107 761 στρατηγὸς
1132 707 1186 749 ὣν

325 777 457 816 ἐλθεῖν
481 775 672 827 ἐτόλμησ’
697 775 816 829 ἐγγὺς
840 776 1007 827 ἀλκίμου
1032 776 1158 828 δορός,
1494 782 1553 819 815

324 842 416 882 ἀλλ’
440 841 488 893 ἦν
515 841 711 885 κάκιστος·
750 843 833 884 εἶτα
857 846 1031 885 τοιοῦτος
1055 843 1181 896 γεγὼς

324 908 414 951 τοὺς
438 908 698 962 Ἡρακλείους
722 909 821 960 ἦλθε
845 910 1061 950 ὃουλώσων
1084 911 1238 962 γόνους.

318 975 472 1017 “waes
495 978 568 1027 μὲν
593 977 661 1017 οὖν
686 975 858 1031 ἀπῴχετ’
885 978 924 1018 ἐς
947 974 1058 1027 τάξιν
1084 975 1218 1018 πάλιν·

325 1041 485 1094 μάντεις
510 1043 555 1089 δ’,
582 1042 715 1093 ἐπειδὴ
739 1041 968 1096 μονομάχου
993 1042 1042 1083 δι’
1068 1043 1237 1086 ἀσπίδος

326 1111 547 1162 διαλλαγὰς
572 1110 753 1162 ἔγνωσαν
777 1109 822 1150 οὐ
845 1109 1097 1161 τελουμένας,
1495 1115 1556 1146 820

327 1176 519 1229 ἔσφαζον,
545 1176 615 1217 οὐκ
639 1177 823 1228 ἔμελλον,
850 1177 942 1217 ἀλλ’
968 1177 1144 1230 ἀφίεσαν

325 1247 478 1295 λαιμῶν
502 1238 755 1296 ’Ῠβροτείωνψ
781 1244 892 1286 εὐθὺς
917 1245 1047 1296 οὔριον
1072 1245 1209 1296 φόνον.

328 1310 364 1350 οἳ
389 1310 422 1350 δ’
449 1310 586 1363 ἅρματ’
612 1310 856 1362 εἰσέβαινον,
882 1312 919 1352 οἳ
944 1310 976 1351 δ’
1000 1310 1064 1351 ὑπ’
1091 1311 1271 1351 ἀσπίδων

327 1381 512 1429 πλευροῖς
536 1377 727 1430 ἔκρυπτον
751 1378 901 1430 πλεύρ’·
938 1377 1162 1428 Ἀθηναίων
1187 1377 1220 1417 δ’
1245 1376 1347 1428 ἄναξ

329 1448 483 1499 στρατῷ
509 1443 756 1498 παρήγγελλ’
782 1446 845 1486 οἶα
867 1445 944 1498 χρὴ
970 1445 1037 1486 τὸν
1062 1445 1214 1497 εὐγενῆ·
1493 1449 1555 1487 825

323 1510 381 1552 9Ω
405 1510 654 1563 ξυμπολῖται,
680 1518 727 1569 τῇ
751 1529 792 1553 τε
816 1512 1027 1568 βοσκούσῃ
1050 1511 1166 1565 χθονὶ

331 1579 394 1619 καὶ
417 1579 464 1635 τῇ
489 1580 656 1635 τεκούσῃ
681 1583 750 1620 νῦν
773 1579 846 1620 τιν’
874 1578 1039 1631 ἀρκέσαι
1062 1578 1205 1632 χρεών.

330 1644 351 1685 ὃ
376 1645 408 1685 δ’
436 1645 483 1686 αὖ
507 1647 552 1685 τό
576 1645 609 1685 τ’
627 1645 776 1699 ’Ἄργος
800 1646 851 1697 μὴ
880 1648 1139 1699 καταισχῦναι
1165 1644 1297 1685 θέλειν

332 1712 394 1752 καὶ
418 1714 488 1754 τὰς
514 1712 703 1763 Μυκήνας
730 1712 959 1766 συμμάχους
985 1713 1188 1753 ἐλίσσετο.

330 1779 416 1820 ἐπεὶ
442 1779 475 1819 δ’
502 1778 666 1831 ἐσήμην’
692 1781 825 1832 ὄρθιον
851 1783 1078 1837 Τυρσηνικῇ
1496 1782 1558 1820 830

333 1845 530 1899 σάλπιγγι
556 1848 617 1887 καὶ
644 1850 831 1900 συνῆψαν
857 1846 1051 1897 ἀλλήλοις
1075 1846 1221 1900 μάχην,

332 1914 461 1954 πόσον
485 1913 558 1954 τιν’
584 1913 718 1967 αὐχεῖς
745 1914 922 1967 πάταγον
949 1915 1128 1955 ἀσπίδων
1153 1911 1333 1965 βρέμειν,

275 2007 339 2037 808
355 2006 467 2048 μάχην
480 2007 608 2038 Reiske
625 2018 632 2038 ε
653 2007 745 2049 μα’χη
760 2008 786 2037 L
799 2007 826 2038 P
915 2008 979 2037 810
994 2006 1087 2047 μέθες
1099 2005 1278 2036 Wecklein
1368 2004 1431 2042 813
1449 2002 1558 2043 λόγων

234 2049 452 2090 Hervagiana
468 2051 594 2083 altera:
623 2051 710 2092 λόγω
729 2051 755 2081 L
768 2052 794 2081 P
923 2051 986 2088 814
1012 2052 1108 2081 αὐτοῦ
1127 2049 1152 2078 L
1166 2048 1191 2078 P
1317 2049 1380 2078 822
1406 2047 1559 2094 βροτείων

232 2099 438 2133 suspectum,
461 2095 519 2125 vix
544 2095 633 2126 enim
658 2096 706 2126 sic
731 2105 799 2126 uno
823 2095 927 2125 verbo
952 2098 1065 2133 potest
1090 2092 1257 2123 Macariae
1282 2101 1373 2121 mors
1397 2090 1558 2120 indicam:

233 2138 372 2174 βοτείων
390 2138 505 2177 Paley.
550 2138 610 2170 Vv.
632 2139 783 2178 819—822
809 2139 918 2169 eidem
941 2138 995 2176 qui
1020 2141 1149 2177 partem
1173 2135 1304 2165 fabulae
1329 2135 1371 2164 de
1391 2133 1558 2164 Macariae

235 2186 345 2211 morte
377 2182 541 2212 exciderit
577 2182 693 2213 tribuit
724 2182 963 2213 WilamowitZ.
1029 2181 1177 2210 Hermes
1207 2179 1286 2209 xvii.
1323 2188 1354 2217 p-
1389 2187 1451 2216 337
1485 2187 1557 2214 sqq·

234 2224 284 2255 Cf.
319 2225 382 2255 Sub
414 2225 470 2255 fin.
506 2225 636 2256 fabulae
812 2227 875 2264 824
896 2227 1062 2266 ’πλευροῖς
1095 2223 1269 2262 Elmsley:
1308 2223 1459 2262 πλευραῖς
1493 2219 1558 2249 LP

233 2269 298 2306 825
322 2267 516 2310 παρ-ἤγγειλ’
535 2269 561 2299 Ρ
703 2270 770 2299 828
794 2270 840 2301 ὅδ’
859 2270 936 2301 αὐτὸ
953 2268 982 2299 τ’
1002 2268 1027 2298 L
1041 2267 1087 2298 P:
1113 2277 1197 2297 corr.
1219 2266 1270 2297 ed.
1291 2263 1558 2296 Commeliniana

234 2312 341 2351 prima
430 2311 536 2345 θέλειν
554 2312 684 2343 Reiske
700 2324 707 2343 t
732 2311 834 2345 θέλων
851 2312 877 2342 L
891 2312 917 2342 P
