1651 2780
59 899 76 930 5

40 1191 77 1213 10

39 1490 75 1522 ¹5

39 1789 77 1811 20

572 171 949 225 ΜΗΔΕΙΑ

464 544 750 582 ΎΠΟΘΕΣΙΣ
798 544 1058 583 ΜΗΔΕΙΑΣ

142 652 264 688 Ἰάσων
287 653 334 689 εἷς
360 653 524 699 Κόρινθον
547 653 665 695 ἐλθών,
692 653 899 699 ἐπαγόμενος
923 654 975 688 καὶ
1001 652 1161 698 Μήδειαν,
1187 654 1348 700 ἐγγυᾶται
1375 655 1429 689 καὶ

95 711 155 755 τὴν
172 711 340 757 Κρέοντος
363 714 424 746 τοῦ
442 711 628 756 Κορινθίων
652 712 825 753 βασιλέως
849 711 1019 758 θυγατέρα
1038 711 1192 756 Γλαύκην
1208 713 1293 756 πρὸς
1309 713 1428 758 γάμον.

95 770 273 814 μέλλουσα
298 770 333 804 δέ
358 769 376 813 ἡ
400 769 530 814 Μήδεια
548 769 803 816 φυγαδεύεσθαι
829 770 893 804 ὑπὸ
913 770 1080 814 Κρέοντος
1103 770 1140 805 ἐκ
1166 771 1226 814 τῆς
1250 769 1427 816 Κορίνθου,

95 828 372 873 παραιτησαμένη
385 829 469 874 πρὸς
485 830 563 873 μίαν
578 828 703 874 ἡμέραν
716 829 822 873 μεῖναι
837 828 889 861 καὶ
903 831 1068 873 τυχοῦσα,
1083 827 1208 872 μισθὸν
1220 829 1276 871 τῆς
1291 829 1429 873 χάριτος

97 885 188 931 δῶρα
206 885 261 920 διὰ
278 890 344 920 τῶν
361 886 491 921 παίδων
507 886 630 931 πέμπει
647 889 688 929 τῇ
705 885 838 929 Γλαύκῃ
857 885 984 929 ἐσθῆτα
1003 887 1056 920 καὶ
1074 888 1227 931 χρυσοῦν
1240 886 1427 931 στέφανον,

97 942 144 979 οἷς
174 944 280 988 ε’κείνη
305 943 503 989 χρησαμένη
530 943 771 989 διαφθείρεται·
808 943 861 977 καὶ
888 944 905 976 ὁ
932 943 1048 988 Κρέων
1077 943 1113 978 δέ
1143 944 1361 988 περιπλακεὶς
1387 944 1428 987 τῇ

96 1001 237 1048 θυγατρὶ
263 1001 462 1036 ἀπόλλυται.
514 1000 643 1045 Μήδεια
668 1001 704 1035 δὲ
727 1001 806 1036 τοὺς
831 1002 949 1045 ἑαυτῆς
974 1001 1096 1036 παῖδας
1122 1001 1348 1036 ἀποκτείνασα
1375 1000 1428 1036 ἐπὶ

95 1060 245 1105 ἅρματος
268 1061 460 1106 δρακόντων
476 1063 665 1105 πτερωτῶν,
686 1058 702 1092 ὃ
720 1057 799 1105 παρ’
819 1058 953 1093 Ἠλίου·
967 1059 1103 1102 ἔλαβεν,
1122 1059 1247 1103 ἔποχος
1269 1059 1428 1105 ’γενομένη

96 1117 339 1163 ἀποδιδράσκει
359 1118 404 1153 εἷς
421 1116 564 1162 Ἀθήνας
582 1116 714 1151 κάκεῖσε
733 1117 829 1163 Αἰγεῖ
845 1117 892 1162 τῷ
911 1116 1102 1152 Πανδίονος
1116 1117 1282 1162 γαμεῖται.
1325 1121 1428 1164 Φερε-

97 1175 196 1220 κύδης
222 1176 258 1210 δὲ
283 1177 335 1210 καὶ
363 1175 542 1220 Σιμωνίδης
568 1175 678 1221 φασὶν
704 1174 747 1210 ὡς
772 1173 791 1218 ἡ
820 1174 947 1219 Μήδεια
977 1173 1187 1219 ἀνεψὴσασα
1211 1175 1269 1210 τὸν
1292 1173 1429 1215 ’Ῑάσονα

96 1235 170 1268 νέον
194 1234 360 1278 ποιήσειε.
410 1234 486 1279 περὶ
519 1233 555 1267 δὲ
584 1235 646 1267 τοῦ
670 1233 798 1279 πατρὸς
824 1233 925 1267 αὐτοῦ
952 1230 1096 1267 Αἴσονος
1124 1233 1142 1265 ὁ
1169 1231 1247 1267 τοὺς
1273 1234 1429 1269 Νόστους

95 1291 242 1335 ποιήσας
258 1292 367 1337 φησὶν
384 1289 499 1326 οὕτως·

331 1360 447 1395 αὐτίκα
466 1358 493 1394 δ’
513 1358 641 1394 Αἴσονα
660 1359 739 1402 θῆκε
757 1360 863 1404 φίλον
881 1359 981 1404 κόρον
998 1358 1169 1402 ἡβώωντα,

329 1419 434 1464 γῆρας
452 1416 647 1461 ἀποξύσασ’
667 1416 811 1460 εἷδυίῃσι
828 1417 1055 1462 πραπίδεσσι,

330 1476 491 1521 φάρμακα
508 1474 611 1510 πόλλ’
630 1473 757 1519 ἕψουσ’
775 1474 830 1510 ε’πὶ
847 1475 1043 1520 χρυσείοισι
1059 1474 1215 1518 λέβησιν.

97 1544 273 1591 Αἷσχύλος
298 1545 333 1579 δὲ
357 1545 393 1580 ἐν
416 1547 487 1580 ταῖς
512 1544 682 1579 Διονύσου
705 1545 853 1589 Τροφοῖς
878 1545 1008 1589 ἱστορεῖ
1023 1543 1075 1578 ὅτι
1099 1545 1151 1578 καὶ
1175 1544 1234 1580 τὰς
1258 1543 1427 1579 Διονύσου

96 1603 246 1649 τροφοὺς
263 1603 346 1648 μετὰ
362 1606 429 1638 τῶν
446 1603 577 1649 ἀνδρῶν
594 1603 702 1637 αὐτῶν
717 1601 927 1648 ἀνεψὴσασα
944 1602 1151 1646 ε’νεοποίησε.
1193 1604 1373 1648 Στάφυλος
1391 1603 1428 1637 δέ

96 1662 183 1706 φησι
201 1662 260 1696 τὸν
279 1661 415 1696 Ἰάσονα
439 1663 566 1706 τρόπον
588 1661 661 1695 τινὰ
685 1661 749 1695 ὑπὸ
771 1662 830 1704 τῆς
849 1661 996 1704 Μηδείας
1021 1660 1243 1705 ἀναιρεθῆναι·
1270 1660 1426 1706 ἐγκελεύ-

96 1719 226 1753 σασθαι
249 1720 315 1764 γὰρ
334 1719 435 1763 αὐτὴν
458 1717 563 1754 οὕτως
587 1719 651 1753 ὑπὸ
674 1720 715 1762 τῇ
737 1717 869 1764 πρύμνῃ
890 1718 949 1762 τῆς
967 1717 1111 1764 Ἀργοῦς
1135 1718 1425 1763 κατακοιμηθῆναι,

94 1776 289 1822 μελλούσης
307 1778 365 1820 τῆς
384 1778 462 1812 νεὼς
480 1776 678 1811 διαλύεσθαι
696 1776 760 1811 ὑπὸ
778 1779 838 1811 τοῦ
856 1777 993 1821 χρόνου·
1020 1775 1252 1820 ἐπιπεσούσης
1269 1779 1352 1822 γοῦν
1368 1777 1426 1821 τῆς

96 1834 246 1880 πρύμνης
262 1837 308 1882 τῷ
327 1833 452 1869 Ἰάσονι
469 1836 672 1879 τελευτῆσαι
691 1835 801 1869 αὐτόν.
854 1833 902 1878 [Α
914 1834 947 1868 V
961 1835 989 1868 B
1004 1834 1032 1868 P
1046 1835 1080 1868 D
1096 1834 1125 1868 F
1137 1833 1170 1880 l]

138 1931 386 1970 Argumentum
411 1935 516 1961 totum
543 1931 643 1961 habet
668 1931 709 1969 D,
729 1931 798 1962 sere
822 1935 927 1961 totum
943 1929 1060 1961 APF.
1112 1930 1164 1960 De
1190 1931 1312 1961 ceteris
1334 1930 1426 1962 libris

97 1977 127 2007 V
140 1977 166 2006 Β
180 1978 193 2007 Ι
207 1978 261 2007 vel
280 1976 328 2016 L²‚
350 1986 427 2007 nam
446 1977 472 2007 L
491 1977 572 2007 nihil
591 1977 703 2015 habet,
722 1977 800 2007 vide
817 1985 902 2014 quae
920 1983 1022 2015 supra
1039 1973 1153 2004 notavi
1306 1982 1326 2010 4
1349 1973 1427 2012 πρὸς

98 2020 187 2060 μίαν]
214 2022 254 2052 ὡς
277 2021 351 2059 μίαν
373 2020 419 2050 F:
451 2022 526 2059 μίαν
544 2020 598 2051 A:
626 2021 670 2052 εἷς
693 2020 766 2059 μίαν
793 2018 910 2049 Nauck
1041 2018 1063 2046 6
1094 2015 1282 2056 χρησαμένη
1307 2014 1338 2045 Α
1353 2014 1427 2044 Bl:

98 2063 339 2104 διαχρησαμένη
352 2063 382 2093 V
394 2063 420 2093 P
431 2063 461 2093 D
475 2064 500 2094 F
590 2073 607 2102 7
629 2063 811 2095 ἀπόλλυται
826 2062 853 2092 Β
866 2073 872 2093 2
891 2061 1040 2093 ἀπώλετο
1054 2059 1084 2089 Α
1094 2059 1125 2090 V
1138 2058 1168 2089 D
1180 2058 1205 2089 F
1297 2068 1335 2089 10
1356 2058 1428 2089 ἆνε-

95 2107 242 2147 ψήσασα]
269 2108 419 2147 ἑψήσασα
442 2107 510 2137 AF
536 2106 600 2147 (ἐψ.
626 2106 695 2143 A):
729 2106 926 2146 ἀφεψήσασα
954 2104 1104 2143 Elmsley
1129 2114 1148 2134 e
1177 2103 1289 2134 Schol.
1317 2103 1421 2134 Arist.

96 2150 158 2188 Eq.
181 2159 259 2188 1321
399 2160 436 2188 13
460 2150 618 2188 ἡβώωντα
639 2149 670 2179 Α
683 2148 710 2178 Β
725 2160 731 2180 :
761 2148 911 2186 ἡβόωντα
926 2148 956 2177 V
970 2147 998 2176 D
1012 2147 1036 2176 F
1048 2147 1074 2176 P
1211 2157 1249 2186 14
1274 2146 1425 2189 εἶδυίῃσι]

97 2193 212 2231 ι’δυίησι
231 2193 258 2222 Β
275 2204 281 2223 :
315 2193 411 2230 ι’δίησι
425 2192 508 2222 A¹lz
542 2193 629 2222 unde
648 2192 836 2232 ἀποξύσασα
852 2191 968 2228 ἷδυίησι
987 2189 1140 2229 Elmsley
1287 2199 1324 2228 15
1349 2203 1426 2231 χρυ-

96 2236 211 2267 σείοισι
239 2236 251 2265 Ι
277 2241 310 2265 et
336 2235 447 2266 Schol.
474 2235 555 2266 Ar.:
588 2234 755 2275 χρυσέοισι
780 2234 980 2270 AFBPD,
1005 2234 1066 2264 sed
1094 2234 1215 2274 ἕψουσα
1242 2233 1363 2272 nullus,
1391 2237 1426 2263 ut

95 2279 240 2318 videtur,
258 2280 365 2309 codex
545 2279 584 2308 16
607 2280 677 2310 ταῖς
701 2302 707 2308 .
734 2301 741 2309 .
766 2301 774 2308 .
801 2279 933 2318 τροφαῖς
949 2276 1035 2308 VP:
1061 2280 1129 2309 τοῖς
1151 2301 1157 2307 .
1182 2301 1189 2308 .
1214 2300 1222 2307 .
1247 2276 1378 2318 τρόφοις
1393 2275 1426 2306 Α

100 2332 137 2360 17
164 2322 366 2362 ἐνεοποίησε]
386 2321 579 2360 ἐζωοποίησε
596 2320 645 2350 ΙΡ
737 2321 776 2350 18
801 2320 1056 2360 ἐγκελεύσασθαι
1076 2320 1253 2350 Lascaris:
1278 2319 1424 2351 ἐκκελεύ·

98 2369 212 2397 σασθαι
231 2366 326 2396 codd.
461 2374 503 2394 20
528 2362 758 2403 ἐπιπεσούσης]
779 2362 982 2402 ἐμπεσούσης
998 2363 1029 2392 V
1124 2363 1220 2403 γοῦν]
1237 2363 1300 2404 γὰρ
1316 2363 1346 2392 V
1357 2362 1384 2392 P
1397 2361 1423 2392 L
