<?xml version="1.0" encoding="UTF-8"?>
<!DOCTYPE html PUBLIC "-//W3C//DTD XHTML 1.0 Transitional//EN"
    "http://www.w3.org/TR/xhtml1/DTD/xhtml1-transitional.dtd">
<html xmlns="http://www.w3.org/1999/xhtml" xml:lang="en" lang="en">
 <head>
  <title>
</title>
<meta http-equiv="Content-Type" content="text/html;charset=utf-8" />
  <meta name='ocr-system' content='tesseract 3.04.00' />
  <meta name='ocr-capabilities' content='ocr_page ocr_carea ocr_par ocr_line ocrx_word'/>
</head>
<body>
  <div class='ocr_page' id='page_1' title='image "./euripidisfabulae01euriuoft_0237.png"; bbox 0 0 1683 2732; ppageno 0'>
   <div class='ocr_carea' id='block_1_1' title="bbox 683 89 1053 127">
    <p class='ocr_par' dir='ltr' id='par_1_1' title="bbox 683 89 1053 127">
     <span class='ocr_line' id='line_1_1' title="bbox 683 89 1053 127; baseline -0.003 0"><span class='ocrx_word' id='word_1_1' title='bbox 683 89 1053 127; x_wconf 77' lang='grc' dir='ltr'><strong>[ΠΠΟΛΎΤΟΣ</strong></span> 
     </span>
    </p>
   </div>
   <div class='ocr_carea' id='block_1_2' title="bbox 140 191 1528 2288">
    <p class='ocr_par' dir='ltr' id='par_1_2' title="bbox 140 191 1528 1982">
     <span class='ocr_line' id='line_1_2' title="bbox 301 191 1108 246; baseline 0.002 -14"><span class='ocrx_word' id='word_1_2' title='bbox 301 193 411 234; x_wconf 84' lang='grc' dir='ltr'>ὄλοιο</span> <span class='ocrx_word' id='word_1_3' title='bbox 438 193 500 233; x_wconf 79' lang='grc' dir='ltr'>καὶ</span> <span class='ocrx_word' id='word_1_4' title='bbox 527 194 577 233; x_wconf 87' lang='grc' dir='ltr'>σὺ</span> <span class='ocrx_word' id='word_1_5' title='bbox 601 191 751 246; x_wconf 82' lang='grc' dir='ltr'>χῶστις</span> <span class='ocrx_word' id='word_1_6' title='bbox 776 192 940 234; x_wconf 77' lang='grc' dir='ltr'>ἄκοντας</span> <span class='ocrx_word' id='word_1_7' title='bbox 967 193 1108 244; x_wconf 83' lang='grc' dir='ltr'>φίλους</span> 
     </span>
     <span class='ocr_line' id='line_1_3' title="bbox 300 258 1096 312; baseline -0.003 -11"><span class='ocrx_word' id='word_1_8' title='bbox 300 260 498 312; x_wconf 90' lang='grc' dir='ltr'>πρόθυμός</span> <span class='ocrx_word' id='word_1_9' title='bbox 522 260 608 300; x_wconf 84' lang='grc' dir='ltr'>ἐστι</span> <span class='ocrx_word' id='word_1_10' title='bbox 631 259 684 311; x_wconf 84' lang='grc' dir='ltr'>μὴ</span> <span class='ocrx_word' id='word_1_11' title='bbox 710 262 840 301; x_wconf 87' lang='grc' dir='ltr'>καλῶς</span> <span class='ocrx_word' id='word_1_12' title='bbox 866 258 1096 311; x_wconf 86' lang='grc' dir='ltr'>εὐεργετεῖν.</span> 
     </span>
     <span class='ocr_line' id='line_1_4' title="bbox 199 322 1526 380; baseline -0.005 -13"><span class='ocrx_word' id='word_1_13' title='bbox 199 329 270 380; x_wconf 90' lang='grc' dir='ltr'>Τρ.</span> <span class='ocrx_word' id='word_1_14' title='bbox 298 325 487 373; x_wconf 78' lang='grc' dir='ltr'>δέσποιν’,</span> <span class='ocrx_word' id='word_1_15' title='bbox 514 325 618 380; x_wconf 82' lang='grc' dir='ltr'>ἔχεις</span> <span class='ocrx_word' id='word_1_16' title='bbox 642 328 716 377; x_wconf 82' lang='grc' dir='ltr'>μὲν</span> <span class='ocrx_word' id='word_1_17' title='bbox 740 326 843 377; x_wconf 77' lang='grc' dir='ltr'>τάμὰ</span> <span class='ocrx_word' id='word_1_18' title='bbox 867 325 1104 377; x_wconf 79' lang='grc' dir='ltr'>μέμψασθαι</span> <span class='ocrx_word' id='word_1_19' title='bbox 1132 322 1243 367; x_wconf 82' lang='grc' dir='ltr'>κακά·</span> <span class='ocrx_word' id='word_1_20' title='bbox 1461 330 1526 371; x_wconf 84' lang='lat'>695</span> 
     </span>
     <span class='ocr_line' id='line_1_5' title="bbox 299 390 1218 446; baseline 0 -13"><span class='ocrx_word' id='word_1_21' title='bbox 299 393 343 434; x_wconf 86' lang='grc' dir='ltr'>τὸ</span> <span class='ocrx_word' id='word_1_22' title='bbox 368 395 442 446; x_wconf 75' lang='grc' dir='ltr'>γὰρ</span> <span class='ocrx_word' id='word_1_23' title='bbox 468 390 610 433; x_wconf 80' lang='grc' dir='ltr'>δάκνον</span> <span class='ocrx_word' id='word_1_24' title='bbox 637 410 709 433; x_wconf 93' lang='grc' dir='ltr'>σου</span> <span class='ocrx_word' id='word_1_25' title='bbox 734 393 804 443; x_wconf 82' lang='grc' dir='ltr'>τὴν</span> <span class='ocrx_word' id='word_1_26' title='bbox 830 391 1048 444; x_wconf 84' lang='grc' dir='ltr'>διάγνωσιν</span> <span class='ocrx_word' id='word_1_27' title='bbox 1075 396 1218 443; x_wconf 82' lang='grc' dir='ltr'>κρατεῖ·</span> 
     </span>
     <span class='ocr_line' id='line_1_6' title="bbox 299 458 1187 515; baseline -0.001 -15"><span class='ocrx_word' id='word_1_28' title='bbox 299 460 380 514; x_wconf 82' lang='grc' dir='ltr'>ἔχω</span> <span class='ocrx_word' id='word_1_29' title='bbox 405 462 446 501; x_wconf 81' lang='grc' dir='ltr'>δὲ</span> <span class='ocrx_word' id='word_1_30' title='bbox 474 460 579 512; x_wconf 82' lang='grc' dir='ltr'>κάγὼ</span> <span class='ocrx_word' id='word_1_31' title='bbox 604 458 700 512; x_wconf 79' lang='grc' dir='ltr'>πρὸς</span> <span class='ocrx_word' id='word_1_32' title='bbox 726 458 821 506; x_wconf 84' lang='grc' dir='ltr'>τάδ’,</span> <span class='ocrx_word' id='word_1_33' title='bbox 850 460 883 500; x_wconf 83' lang='grc' dir='ltr'>εἰ</span> <span class='ocrx_word' id='word_1_34' title='bbox 909 458 1013 515; x_wconf 82' lang='grc' dir='ltr'><em>δέξῃ,</em></span> <span class='ocrx_word' id='word_1_35' title='bbox 1040 458 1187 512; x_wconf 87' lang='grc' dir='ltr'>λέγειν.</span> 
     </span>
     <span class='ocr_line' id='line_1_7' title="bbox 299 524 1259 580; baseline -0.001 -13"><span class='ocrx_word' id='word_1_36' title='bbox 299 524 452 580; x_wconf 76' lang='grc' dir='ltr'>ἔθρεψά</span> <span class='ocrx_word' id='word_1_37' title='bbox 478 526 515 566; x_wconf 92' lang='grc' dir='ltr'>σ’</span> <span class='ocrx_word' id='word_1_38' title='bbox 541 526 674 569; x_wconf 82' lang='grc' dir='ltr'>εὔνους</span> <span class='ocrx_word' id='word_1_39' title='bbox 699 526 731 567; x_wconf 86' lang='grc' dir='ltr'>τ’</span> <span class='ocrx_word' id='word_1_40' title='bbox 758 527 848 578; x_wconf 82' lang='grc' dir='ltr'>εἶμί·</span> <span class='ocrx_word' id='word_1_41' title='bbox 885 528 953 576; x_wconf 89' lang='grc' dir='ltr'>τῆς</span> <span class='ocrx_word' id='word_1_42' title='bbox 979 526 1101 566; x_wconf 85' lang='grc' dir='ltr'>νόσου</span> <span class='ocrx_word' id='word_1_43' title='bbox 1126 526 1168 566; x_wconf 89' lang='grc' dir='ltr'>δέ</span> <span class='ocrx_word' id='word_1_44' title='bbox 1195 542 1259 566; x_wconf 93' lang='grc' dir='ltr'>σοι</span> 
     </span>
     <span class='ocr_line' id='line_1_8' title="bbox 300 591 1180 646; baseline 0 -13"><span class='ocrx_word' id='word_1_45' title='bbox 300 594 467 644; x_wconf 78' lang='grc' dir='ltr'>ζητοῦσα</span> <span class='ocrx_word' id='word_1_46' title='bbox 493 591 669 646; x_wconf 83' lang='grc' dir='ltr'>φάρμαχ’</span> <span class='ocrx_word' id='word_1_47' title='bbox 693 593 812 646; x_wconf 75' lang='grc' dir='ltr'>ηὗρον</span> <span class='ocrx_word' id='word_1_48' title='bbox 836 593 910 646; x_wconf 87' lang='grc' dir='ltr'>οὐχ</span> <span class='ocrx_word' id='word_1_49' title='bbox 935 593 1180 644; x_wconf 84' lang='grc' dir='ltr'>ἇβουλόμην.</span> 
     </span>
     <span class='ocr_line' id='line_1_9' title="bbox 299 658 1528 713; baseline -0.001 -13"><span class='ocrx_word' id='word_1_50' title='bbox 299 661 331 700; x_wconf 87' lang='grc' dir='ltr'>εἰ</span> <span class='ocrx_word' id='word_1_51' title='bbox 357 659 389 700; x_wconf 88' lang='grc' dir='ltr'>δ’</span> <span class='ocrx_word' id='word_1_52' title='bbox 417 660 458 700; x_wconf 75' lang='grc' dir='ltr'>εὖ</span> <span class='ocrx_word' id='word_1_53' title='bbox 481 659 519 713; x_wconf 90' lang='grc' dir='ltr'>γ’</span> <span class='ocrx_word' id='word_1_54' title='bbox 545 658 707 712; x_wconf 75' lang='grc' dir='ltr'>ἔπραξα,</span> <span class='ocrx_word' id='word_1_55' title='bbox 735 658 841 712; x_wconf 79' lang='grc' dir='ltr'>κάρτ’</span> <span class='ocrx_word' id='word_1_56' title='bbox 866 660 914 701; x_wconf 84' lang='grc' dir='ltr'>ἂν</span> <span class='ocrx_word' id='word_1_57' title='bbox 941 662 981 700; x_wconf 86' lang='grc' dir='ltr'>ἐν</span> <span class='ocrx_word' id='word_1_58' title='bbox 1008 663 1201 712; x_wconf 81' lang='grc' dir='ltr'>σοφοῖσιν</span> <span class='ocrx_word' id='word_1_59' title='bbox 1225 658 1262 710; x_wconf 80' lang='grc' dir='ltr'>ἦ·</span> <span class='ocrx_word' id='word_1_60' title='bbox 1458 671 1528 703; x_wconf 90' lang='lat'>700</span> 
     </span>
     <span class='ocr_line' id='line_1_10' title="bbox 299 725 1260 780; baseline -0.002 -12"><span class='ocrx_word' id='word_1_61' title='bbox 299 726 394 779; x_wconf 82' lang='grc' dir='ltr'>πρὸς</span> <span class='ocrx_word' id='word_1_62' title='bbox 419 728 488 769; x_wconf 78' lang='grc' dir='ltr'>τὰς</span> <span class='ocrx_word' id='word_1_63' title='bbox 511 727 634 780; x_wconf 84' lang='grc' dir='ltr'>τύχας</span> <span class='ocrx_word' id='word_1_64' title='bbox 661 728 736 779; x_wconf 78' lang='grc' dir='ltr'>γὰρ</span> <span class='ocrx_word' id='word_1_65' title='bbox 761 728 830 769; x_wconf 78' lang='grc' dir='ltr'>τὰς</span> <span class='ocrx_word' id='word_1_66' title='bbox 855 726 1004 779; x_wconf 85' lang='grc' dir='ltr'>φρένας</span> <span class='ocrx_word' id='word_1_67' title='bbox 1031 725 1260 777; x_wconf 86' lang='grc' dir='ltr'>κεκτήμεθα.</span> 
     </span>
     <span class='ocr_line' id='line_1_11' title="bbox 198 791 1111 846; baseline 0.001 -13"><span class='ocrx_word' id='word_1_68' title='bbox 198 795 274 834; x_wconf 91' lang='grc' dir='ltr'>Φα.</span> <span class='ocrx_word' id='word_1_69' title='bbox 296 792 321 844; x_wconf 83' lang='grc' dir='ltr'><em>ἧ</em></span> <span class='ocrx_word' id='word_1_70' title='bbox 343 795 417 846; x_wconf 78' lang='grc' dir='ltr'>γὰρ</span> <span class='ocrx_word' id='word_1_71' title='bbox 444 794 572 834; x_wconf 87' lang='grc' dir='ltr'>δίκαια</span> <span class='ocrx_word' id='word_1_72' title='bbox 595 797 719 834; x_wconf 82' lang='grc' dir='ltr'>ταῦτα</span> <span class='ocrx_word' id='word_1_73' title='bbox 742 791 1008 846; x_wconf 80' lang='grc' dir='ltr'>κᾶξαρκοῦντά</span> <span class='ocrx_word' id='word_1_74' title='bbox 1032 810 1111 844; x_wconf 88' lang='grc' dir='ltr'>μοι,</span> 
     </span>
     <span class='ocr_line' id='line_1_12' title="bbox 298 860 1175 914; baseline 0.002 -15"><span class='ocrx_word' id='word_1_75' title='bbox 298 860 512 913; x_wconf 88' lang='grc' dir='ltr'>τρώσασαν</span> <span class='ocrx_word' id='word_1_76' title='bbox 536 860 636 911; x_wconf 79' lang='grc' dir='ltr'>ἡμᾶς</span> <span class='ocrx_word' id='word_1_77' title='bbox 663 860 746 901; x_wconf 74' lang='grc' dir='ltr'>εἶτα</span> <span class='ocrx_word' id='word_1_78' title='bbox 772 864 994 914; x_wconf 81' lang='grc' dir='ltr'>συγχωρεῖν</span> <span class='ocrx_word' id='word_1_79' title='bbox 1019 861 1175 912; x_wconf 86' lang='grc' dir='ltr'>λόγοις;</span> 
     </span>
     <span class='ocr_line' id='line_1_13' title="bbox 197 927 1133 980; baseline 0.001 -14"><span class='ocrx_word' id='word_1_80' title='bbox 197 929 269 979; x_wconf 88' lang='grc' dir='ltr'>Τρ.</span> <span class='ocrx_word' id='word_1_81' title='bbox 295 931 628 980; x_wconf 83' lang='grc' dir='ltr'>μακρηγοροῦμεν·</span> <span class='ocrx_word' id='word_1_82' title='bbox 665 927 733 968; x_wconf 81' lang='grc' dir='ltr'>οὐκ</span> <span class='ocrx_word' id='word_1_83' title='bbox 759 928 1018 980; x_wconf 84' lang='grc' dir='ltr'>ἐσωφρόνουν</span> <span class='ocrx_word' id='word_1_84' title='bbox 1042 927 1133 979; x_wconf 81' lang='grc' dir='ltr'>ἐγώ.</span> 
     </span>
     <span class='ocr_line' id='line_1_14' title="bbox 298 992 1526 1044; baseline 0.002 -10"><span class='ocrx_word' id='word_1_85' title='bbox 298 993 389 1034; x_wconf 82' lang='grc' dir='ltr'>ἀλλ’</span> <span class='ocrx_word' id='word_1_86' title='bbox 415 993 502 1035; x_wconf 85' lang='grc' dir='ltr'>ἔστι</span> <span class='ocrx_word' id='word_1_87' title='bbox 528 995 598 1034; x_wconf 82' lang='grc' dir='ltr'>κάκ</span> <span class='ocrx_word' id='word_1_88' title='bbox 623 994 735 1035; x_wconf 84' lang='grc' dir='ltr'>τῶνδ’</span> <span class='ocrx_word' id='word_1_89' title='bbox 762 994 867 1034; x_wconf 80' lang='grc' dir='ltr'>ὥστε</span> <span class='ocrx_word' id='word_1_90' title='bbox 893 995 1082 1044; x_wconf 86' lang='grc' dir='ltr'>σωθῆναι,</span> <span class='ocrx_word' id='word_1_91' title='bbox 1111 992 1263 1035; x_wconf 85' lang='grc' dir='ltr'>τέκνον.</span> <span class='ocrx_word' id='word_1_92' title='bbox 1461 1005 1526 1037; x_wconf 88' lang='lat'>705</span> 
     </span>
     <span class='ocr_line' id='line_1_15' title="bbox 199 1059 1271 1113; baseline 0.002 -13"><span class='ocrx_word' id='word_1_93' title='bbox 199 1062 273 1101; x_wconf 86' lang='grc' dir='ltr'>Φα.</span> <span class='ocrx_word' id='word_1_94' title='bbox 295 1063 447 1101; x_wconf 81' lang='grc' dir='ltr'>παῦσαι</span> <span class='ocrx_word' id='word_1_95' title='bbox 469 1060 659 1113; x_wconf 86' lang='grc' dir='ltr'>λέγουσα·</span> <span class='ocrx_word' id='word_1_96' title='bbox 699 1061 759 1101; x_wconf 85' lang='grc' dir='ltr'>καὶ</span> <span class='ocrx_word' id='word_1_97' title='bbox 784 1062 832 1100; x_wconf 78' lang='grc' dir='ltr'>τὰ</span> <span class='ocrx_word' id='word_1_98' title='bbox 857 1060 947 1112; x_wconf 83' lang='grc' dir='ltr'>πρὶν</span> <span class='ocrx_word' id='word_1_99' title='bbox 973 1061 1048 1113; x_wconf 79' lang='grc' dir='ltr'>γὰρ</span> <span class='ocrx_word' id='word_1_100' title='bbox 1074 1059 1118 1099; x_wconf 87' lang='grc' dir='ltr'>οὐ</span> <span class='ocrx_word' id='word_1_101' title='bbox 1143 1064 1271 1103; x_wconf 90' lang='grc' dir='ltr'>καλῶς</span> 
     </span>
     <span class='ocr_line' id='line_1_16' title="bbox 298 1126 1067 1183; baseline -0.003 -15"><span class='ocrx_word' id='word_1_102' title='bbox 298 1126 524 1183; x_wconf 82' lang='grc' dir='ltr'>παρῄνεσάς</span> <span class='ocrx_word' id='word_1_103' title='bbox 547 1144 614 1178; x_wconf 91' lang='grc' dir='ltr'>μοι</span> <span class='ocrx_word' id='word_1_104' title='bbox 639 1127 930 1181; x_wconf 86' lang='grc' dir='ltr'>κᾶπεχείρησας</span> <span class='ocrx_word' id='word_1_105' title='bbox 957 1126 1067 1167; x_wconf 88' lang='grc' dir='ltr'>κακά.</span> 
     </span>
     <span class='ocr_line' id='line_1_17' title="bbox 300 1192 1136 1245; baseline -0.001 -11"><span class='ocrx_word' id='word_1_106' title='bbox 300 1193 391 1234; x_wconf 84' lang='grc' dir='ltr'>ἀλλ’</span> <span class='ocrx_word' id='word_1_107' title='bbox 418 1194 591 1235; x_wconf 82' lang='grc' dir='ltr'>ἐκποδὼν</span> <span class='ocrx_word' id='word_1_108' title='bbox 616 1193 764 1235; x_wconf 82' lang='grc' dir='ltr'>ἄπελθε</span> <span class='ocrx_word' id='word_1_109' title='bbox 790 1194 852 1234; x_wconf 87' lang='grc' dir='ltr'>καὶ</span> <span class='ocrx_word' id='word_1_110' title='bbox 878 1195 1023 1244; x_wconf 87' lang='grc' dir='ltr'>σαυτῆς</span> <span class='ocrx_word' id='word_1_111' title='bbox 1048 1192 1136 1245; x_wconf 85' lang='grc' dir='ltr'>πέρι</span> 
     </span>
     <span class='ocr_line' id='line_1_18' title="bbox 298 1259 1193 1313; baseline 0.002 -13"><span class='ocrx_word' id='word_1_112' title='bbox 298 1259 489 1313; x_wconf 80' lang='grc' dir='ltr'>φρόντιζ’·</span> <span class='ocrx_word' id='word_1_113' title='bbox 526 1261 604 1313; x_wconf 83' lang='grc' dir='ltr'>ἐγὼ</span> <span class='ocrx_word' id='word_1_114' title='bbox 628 1261 704 1312; x_wconf 78' lang='grc' dir='ltr'>γὰρ</span> <span class='ocrx_word' id='word_1_115' title='bbox 728 1261 831 1312; x_wconf 78' lang='grc' dir='ltr'>τάμὰ</span> <span class='ocrx_word' id='word_1_116' title='bbox 856 1259 1026 1311; x_wconf 87' lang='grc' dir='ltr'>θήσομαι</span> <span class='ocrx_word' id='word_1_117' title='bbox 1053 1263 1193 1302; x_wconf 73' lang='grc' dir='ltr'>καλῶς,</span> 
     </span>
     <span class='ocr_line' id='line_1_19' title="bbox 364 1326 1528 1379; baseline 0 -12"><span class='ocrx_word' id='word_1_118' title='bbox 364 1328 472 1378; x_wconf 82' lang='grc' dir='ltr'>ὑμεῖς</span> <span class='ocrx_word' id='word_1_119' title='bbox 496 1326 551 1373; x_wconf 86' lang='grc' dir='ltr'>δέ,</span> <span class='ocrx_word' id='word_1_120' title='bbox 577 1330 713 1370; x_wconf 85' lang='grc' dir='ltr'>παῖδες</span> <span class='ocrx_word' id='word_1_121' title='bbox 738 1327 909 1379; x_wconf 82' lang='grc' dir='ltr'>εὐγενεῖς</span> <span class='ocrx_word' id='word_1_122' title='bbox 933 1326 1154 1378; x_wconf 78' lang='grc' dir='ltr'>Τροζήνιαι,</span> <span class='ocrx_word' id='word_1_123' title='bbox 1462 1338 1528 1371; x_wconf 92' lang='lat'>710</span> 
     </span>
     <span class='ocr_line' id='line_1_20' title="bbox 297 1391 1331 1450; baseline -0.001 -16"><span class='ocrx_word' id='word_1_124' title='bbox 297 1395 462 1434; x_wconf 89' lang='grc' dir='ltr'>τοσόνδε</span> <span class='ocrx_word' id='word_1_125' title='bbox 484 1410 551 1445; x_wconf 93' lang='grc' dir='ltr'>μοι</span> <span class='ocrx_word' id='word_1_126' title='bbox 575 1393 796 1447; x_wconf 84' lang='grc' dir='ltr'>παράσχετ’</span> <span class='ocrx_word' id='word_1_127' title='bbox 824 1391 1091 1450; x_wconf 78' lang='grc' dir='ltr'>ἐξαιτουμενῃ,</span> <span class='ocrx_word' id='word_1_128' title='bbox 1328 1399 1331 1401; x_wconf 83' lang='grc'><strong>’</strong></span> 
     </span>
     <span class='ocr_line' id='line_1_21' title="bbox 299 1459 1090 1518; baseline 0 -18"><span class='ocrx_word' id='word_1_129' title='bbox 299 1466 394 1518; x_wconf 80' lang='grc' dir='ltr'>σιγῇ</span> <span class='ocrx_word' id='word_1_130' title='bbox 420 1461 632 1502; x_wconf 83' lang='grc' dir='ltr'>καλύπτειν</span> <span class='ocrx_word' id='word_1_131' title='bbox 657 1459 791 1501; x_wconf 84' lang='grc' dir='ltr'>ἁνθάδ’</span> <span class='ocrx_word' id='word_1_132' title='bbox 817 1460 1090 1511; x_wconf 84' lang='grc' dir='ltr'>εἶσηκούσατε.</span> 
     </span>
     <span class='ocr_line' id='line_1_22' title="bbox 198 1526 1121 1580; baseline -0.001 -13"><span class='ocrx_word' id='word_1_133' title='bbox 198 1530 270 1568; x_wconf 89' lang='grc' dir='ltr'>Χο.</span> <span class='ocrx_word' id='word_1_134' title='bbox 297 1529 440 1579; x_wconf 81' lang='grc' dir='ltr'>ὄμνυμι</span> <span class='ocrx_word' id='word_1_135' title='bbox 465 1527 614 1579; x_wconf 77' lang='grc' dir='ltr'>σεμνὴν</span> <span class='ocrx_word' id='word_1_136' title='bbox 635 1526 837 1580; x_wconf 82' lang='grc' dir='ltr'>”Αρτεμιν,</span> <span class='ocrx_word' id='word_1_137' title='bbox 869 1527 965 1569; x_wconf 81' lang='grc' dir='ltr'>Διὸς</span> <span class='ocrx_word' id='word_1_138' title='bbox 991 1528 1121 1579; x_wconf 87' lang='grc' dir='ltr'>κόρην,</span> 
     </span>
     <span class='ocr_line' id='line_1_23' title="bbox 296 1593 1172 1647; baseline -0.001 -12"><span class='ocrx_word' id='word_1_139' title='bbox 296 1596 417 1646; x_wconf 81' lang='grc' dir='ltr'>μηδὲν</span> <span class='ocrx_word' id='word_1_140' title='bbox 443 1598 569 1635; x_wconf 84' lang='grc' dir='ltr'>κακῶν</span> <span class='ocrx_word' id='word_1_141' title='bbox 597 1598 680 1635; x_wconf 86' lang='grc' dir='ltr'>σῶν</span> <span class='ocrx_word' id='word_1_142' title='bbox 706 1596 745 1637; x_wconf 83' lang='grc' dir='ltr'>ἐς</span> <span class='ocrx_word' id='word_1_143' title='bbox 771 1594 872 1647; x_wconf 86' lang='grc' dir='ltr'>φάος</span> <span class='ocrx_word' id='word_1_144' title='bbox 897 1593 1039 1645; x_wconf 85' lang='grc' dir='ltr'>δείξειν</span> <span class='ocrx_word' id='word_1_145' title='bbox 1062 1593 1172 1635; x_wconf 81' lang='grc' dir='ltr'>ποτέ.</span> 
     </span>
     <span class='ocr_line' id='line_1_24' title="bbox 140 1656 1524 1715; baseline 0.002 -17"><span class='ocrx_word' id='word_1_146' title='bbox 140 1670 145 1698; x_wconf 60' lang='grc' dir='ltr'>Γ</span> <span class='ocrx_word' id='word_1_147' title='bbox 198 1664 274 1702; x_wconf 87' lang='grc' dir='ltr'>Φα.</span> <span class='ocrx_word' id='word_1_148' title='bbox 297 1665 424 1703; x_wconf 89' lang='grc' dir='ltr'>καλῶς</span> <span class='ocrx_word' id='word_1_149' title='bbox 449 1660 601 1712; x_wconf 80' lang='grc' dir='ltr'>ἔλεξας·</span> <span class='ocrx_word' id='word_1_150' title='bbox 639 1661 681 1702; x_wconf 77' lang='grc' dir='ltr'>ἓν</span> <span class='ocrx_word' id='word_1_151' title='bbox 707 1664 749 1702; x_wconf 84' lang='grc' dir='ltr'>δὲ</span> <span class='ocrx_word' id='word_1_152' title='bbox 773 1656 1097 1715; x_wconf 64' lang='grc' dir='ltr'>Τπροτρέπουσ”ῗ“</span> <span class='ocrx_word' id='word_1_153' title='bbox 1122 1661 1199 1713; x_wconf 85' lang='grc' dir='ltr'>ἐγὼ</span> <span class='ocrx_word' id='word_1_154' title='bbox 1461 1672 1524 1705; x_wconf 83' lang='lat'>715</span> 
     </span>
     <span class='ocr_line' id='line_1_25' title="bbox 142 1719 1063 1781; baseline 0 -13"><span class='ocrx_word' id='word_1_155' title='bbox 142 1719 146 1721; x_wconf 61' lang='lat'><strong><em>,</em></strong></span> <span class='ocrx_word' id='word_1_156' title='bbox 298 1729 444 1780; x_wconf 83' lang='grc' dir='ltr'>εὕρημα</span> <span class='ocrx_word' id='word_1_157' title='bbox 469 1731 565 1779; x_wconf 88' lang='grc' dir='ltr'>δῆτα</span> <span class='ocrx_word' id='word_1_158' title='bbox 588 1730 711 1779; x_wconf 85' lang='grc' dir='ltr'>τῆσδε</span> <span class='ocrx_word' id='word_1_159' title='bbox 737 1731 946 1781; x_wconf 76' lang='grc' dir='ltr'>συμφορᾶς</span> <span class='ocrx_word' id='word_1_160' title='bbox 970 1728 1063 1781; x_wconf 81' lang='grc' dir='ltr'>ἔχω,</span> 
     </span>
     <span class='ocr_line' id='line_1_26' title="bbox 297 1794 1182 1847; baseline 0.001 -13"><span class='ocrx_word' id='word_1_161' title='bbox 297 1794 391 1834; x_wconf 82' lang='grc' dir='ltr'>ὥστ’</span> <span class='ocrx_word' id='word_1_162' title='bbox 418 1795 557 1836; x_wconf 81' lang='grc' dir='ltr'>εὐκλεᾶ</span> <span class='ocrx_word' id='word_1_163' title='bbox 582 1797 653 1846; x_wconf 82' lang='grc' dir='ltr'>μὲν</span> <span class='ocrx_word' id='word_1_164' title='bbox 678 1796 794 1836; x_wconf 87' lang='grc' dir='ltr'>παισὶ</span> <span class='ocrx_word' id='word_1_165' title='bbox 818 1797 1052 1847; x_wconf 85' lang='grc' dir='ltr'>προσθεῖναι</span> <span class='ocrx_word' id='word_1_166' title='bbox 1075 1795 1182 1846; x_wconf 84' lang='grc' dir='ltr'>βίον,</span> 
     </span>
     <span class='ocr_line' id='line_1_27' title="bbox 297 1860 1199 1914; baseline 0.001 -14"><span class='ocrx_word' id='word_1_167' title='bbox 297 1860 391 1911; x_wconf 84' lang='grc' dir='ltr'>αὐτή</span> <span class='ocrx_word' id='word_1_168' title='bbox 417 1861 449 1901; x_wconf 92' lang='grc' dir='ltr'>τ’</span> <span class='ocrx_word' id='word_1_169' title='bbox 474 1860 642 1902; x_wconf 85' lang='grc' dir='ltr'>ὀνάσθαι</span> <span class='ocrx_word' id='word_1_170' title='bbox 667 1861 763 1914; x_wconf 85' lang='grc' dir='ltr'>πρὸς</span> <span class='ocrx_word' id='word_1_171' title='bbox 788 1863 836 1902; x_wconf 81' lang='grc' dir='ltr'>τᾶ</span> <span class='ocrx_word' id='word_1_172' title='bbox 861 1865 929 1902; x_wconf 84' lang='grc' dir='ltr'>νῦν</span> <span class='ocrx_word' id='word_1_173' title='bbox 953 1862 1199 1903; x_wconf 87' lang='grc' dir='ltr'>πεπτωκότα.</span> 
     </span>
     <span class='ocr_line' id='line_1_28' title="bbox 296 1926 1229 1982; baseline 0.003 -16"><span class='ocrx_word' id='word_1_174' title='bbox 296 1927 340 1967; x_wconf 86' lang='grc' dir='ltr'>οὐ</span> <span class='ocrx_word' id='word_1_175' title='bbox 365 1926 439 1979; x_wconf 87' lang='grc' dir='ltr'>γάρ</span> <span class='ocrx_word' id='word_1_176' title='bbox 462 1927 550 1967; x_wconf 87' lang='grc' dir='ltr'>ποτ’</span> <span class='ocrx_word' id='word_1_177' title='bbox 576 1930 754 1982; x_wconf 84' lang='grc' dir='ltr'>αἰσχυνῶ</span> <span class='ocrx_word' id='word_1_178' title='bbox 779 1945 826 1981; x_wconf 92' lang='grc' dir='ltr'>γε</span> <span class='ocrx_word' id='word_1_179' title='bbox 852 1929 1051 1981; x_wconf 88' lang='grc' dir='ltr'>Κρησίους</span> <span class='ocrx_word' id='word_1_180' title='bbox 1076 1928 1229 1978; x_wconf 83' lang='grc' dir='ltr'>δόμους,</span> 
     </span>
    </p>

    <p class='ocr_par' dir='ltr' id='par_1_3' title="bbox 194 2018 1523 2288">
     <span class='ocr_line' id='line_1_29' title="bbox 241 2018 1523 2061; baseline 0.002 -12"><span class='ocrx_word' id='word_1_181' title='bbox 241 2028 304 2057; x_wconf 84' lang='grc'>700</span> <span class='ocrx_word' id='word_1_182' title='bbox 328 2019 428 2061; x_wconf 81' lang='grc' dir='ltr'>κάρτα</span> <span class='ocrx_word' id='word_1_183' title='bbox 441 2022 474 2061; x_wconf 72' lang='grc' dir='ltr'>γ’</span> <span class='ocrx_word' id='word_1_184' title='bbox 492 2022 525 2052; x_wconf 86' lang='grc' dir='ltr'>ἐν</span> <span class='ocrx_word' id='word_1_185' title='bbox 541 2020 572 2050; x_wconf 94' lang='grc' dir='ltr'>Α</span> <span class='ocrx_word' id='word_1_186' title='bbox 683 2020 723 2058; x_wconf 83' lang='grc' dir='ltr'>ῆν</span> <span class='ocrx_word' id='word_1_187' title='bbox 740 2021 838 2053; x_wconf 88' lang='lat' dir='ltr'><strong>codd.</strong></span> <span class='ocrx_word' id='word_1_188' title='bbox 1004 2030 1065 2059; x_wconf 83' lang='lat'>702</span> <span class='ocrx_word' id='word_1_189' title='bbox 1091 2019 1110 2057; x_wconf 85' lang='grc' dir='ltr'><em>ἧ</em></span> <span class='ocrx_word' id='word_1_190' title='bbox 1128 2020 1180 2051; x_wconf 76' lang='grc' dir='ltr'>καὶ</span> <span class='ocrx_word' id='word_1_191' title='bbox 1200 2018 1231 2048; x_wconf 90' lang='grc' dir='ltr'>Μ</span> <span class='ocrx_word' id='word_1_192' title='bbox 1243 2018 1274 2049; x_wconf 93' lang='grc' dir='ltr'><strong>Α</strong></span> <span class='ocrx_word' id='word_1_193' title='bbox 1286 2018 1313 2048; x_wconf 89' lang='grc' dir='ltr'><em>Β</em></span> <span class='ocrx_word' id='word_1_194' title='bbox 1333 2019 1408 2058; x_wconf 82' lang='lat' dir='ltr'>(sed</span> <span class='ocrx_word' id='word_1_195' title='bbox 1425 2018 1445 2056; x_wconf 78' lang='grc' dir='ltr'>ἦ</span> <span class='ocrx_word' id='word_1_196' title='bbox 1461 2019 1523 2061; x_wconf 76' lang='grc' dir='ltr'>γὰρ</span> 
     </span>
     <span class='ocr_line' id='line_1_30' title="bbox 196 2061 1520 2105; baseline 0.001 -14"><span class='ocrx_word' id='word_1_197' title='bbox 196 2061 319 2093; x_wconf 86' lang='lat' dir='ltr'><strong>lemma</strong></span> <span class='ocrx_word' id='word_1_198' title='bbox 334 2067 358 2096; x_wconf 83' lang='grc' dir='ltr'>Σ</span> <span class='ocrx_word' id='word_1_199' title='bbox 371 2063 413 2102; x_wconf 73' lang='grc' dir='ltr'>Β)</span> <span class='ocrx_word' id='word_1_200' title='bbox 536 2065 771 2105; x_wconf 79' lang='grc' dir='ltr'>κοὺξαρκοῦντα</span> <span class='ocrx_word' id='word_1_201' title='bbox 789 2064 816 2094; x_wconf 96' lang='lat' dir='ltr'>L</span> <span class='ocrx_word' id='word_1_202' title='bbox 962 2073 1024 2102; x_wconf 84' lang='lat'>703</span> <span class='ocrx_word' id='word_1_203' title='bbox 1049 2063 1167 2104; x_wconf 78' lang='grc' dir='ltr'>λόγους</span> <span class='ocrx_word' id='word_1_204' title='bbox 1186 2062 1218 2092; x_wconf 94' lang='grc' dir='ltr'><strong>Μ</strong></span> <span class='ocrx_word' id='word_1_205' title='bbox 1239 2062 1313 2102; x_wconf 68' lang='lat' dir='ltr'>&lt;sed</span> <span class='ocrx_word' id='word_1_206' title='bbox 1331 2071 1416 2093; x_wconf 89' lang='lat' dir='ltr'>corr.</span> <span class='ocrx_word' id='word_1_207' title='bbox 1433 2062 1520 2102; x_wconf 87' lang='lat' dir='ltr'>ipse)</span> 
     </span>
     <span class='ocr_line' id='line_1_31' title="bbox 196 2105 1523 2148; baseline 0.002 -13"><span class='ocrx_word' id='word_1_208' title='bbox 196 2105 226 2135; x_wconf 97' lang='lat' dir='ltr'>O</span> <span class='ocrx_word' id='word_1_209' title='bbox 251 2105 363 2136; x_wconf 86' lang='lat' dir='ltr'>Haun.</span> <span class='ocrx_word' id='word_1_210' title='bbox 391 2107 572 2147; x_wconf 77' lang='grc' dir='ltr'>(ἴσολογεΐν</span> <span class='ocrx_word' id='word_1_211' title='bbox 596 2108 648 2139; x_wconf 78' lang='grc' dir='ltr'>καὶ</span> <span class='ocrx_word' id='word_1_212' title='bbox 674 2110 709 2139; x_wconf 89' lang='grc' dir='ltr'>ἐκ</span> <span class='ocrx_word' id='word_1_213' title='bbox 733 2111 798 2139; x_wconf 85' lang='grc' dir='ltr'>τῶν</span> <span class='ocrx_word' id='word_1_214' title='bbox 821 2109 901 2139; x_wconf 73' lang='grc' dir='ltr'>ἴσων</span> <span class='ocrx_word' id='word_1_215' title='bbox 925 2108 1145 2148; x_wconf 81' lang='grc' dir='ltr'>ἀμφισβητεῖν</span> <span class='ocrx_word' id='word_1_216' title='bbox 1168 2109 1215 2139; x_wconf 77' lang='grc' dir='ltr'>Σε</span> <span class='ocrx_word' id='word_1_217' title='bbox 1244 2105 1335 2135; x_wconf 79' lang='lat' dir='ltr'>unde</span> <span class='ocrx_word' id='word_1_218' title='bbox 1360 2106 1371 2137; x_wconf 91' lang='lat' dir='ltr'><em>l</em></span> <span class='ocrx_word' id='word_1_219' title='bbox 1415 2107 1523 2147; x_wconf 74' lang='grc' dir='ltr'>γορεῖν</span> 
     </span>
     <span class='ocr_line' id='line_1_32' title="bbox 194 2148 1522 2192; baseline 0.002 -13"><span class='ocrx_word' id='word_1_220' title='bbox 194 2148 305 2189; x_wconf 77' lang='grc' dir='ltr'>λόγοις</span> <span class='ocrx_word' id='word_1_221' title='bbox 324 2148 541 2189; x_wconf 75' lang='lat' dir='ltr'>Heimsoeth)</span> <span class='ocrx_word' id='word_1_222' title='bbox 656 2161 718 2191; x_wconf 89' lang='lat'>709</span> <span class='ocrx_word' id='word_1_223' title='bbox 740 2151 803 2192; x_wconf 78' lang='grc' dir='ltr'>γὰρ</span> <span class='ocrx_word' id='word_1_224' title='bbox 816 2150 847 2180; x_wconf 89' lang='grc' dir='ltr'>Α</span> <span class='ocrx_word' id='word_1_225' title='bbox 860 2151 887 2181; x_wconf 89' lang='grc' dir='ltr'><em>Β</em></span> <span class='ocrx_word' id='word_1_226' title='bbox 901 2150 927 2180; x_wconf 96' lang='lat' dir='ltr'>L</span> <span class='ocrx_word' id='word_1_227' title='bbox 940 2150 988 2181; x_wconf 91' lang='lat' dir='ltr'>P:</span> <span class='ocrx_word' id='word_1_228' title='bbox 1020 2149 1054 2181; x_wconf 82' lang='grc' dir='ltr'>δὲ</span> <span class='ocrx_word' id='word_1_229' title='bbox 1074 2149 1148 2179; x_wconf 89' lang='lat' dir='ltr'>MV</span> <span class='ocrx_word' id='word_1_230' title='bbox 1260 2158 1322 2187; x_wconf 89' lang='lat'>712</span> <span class='ocrx_word' id='word_1_231' title='bbox 1345 2162 1386 2181; x_wconf 87' lang='grc' dir='ltr'>κα</span> <span class='ocrx_word' id='word_1_232' title='bbox 1411 2148 1522 2185; x_wconf 74' lang='grc' dir='ltr'>ύπτειιι</span> 
     </span>
     <span class='ocr_line' id='line_1_33' title="bbox 197 2191 1518 2234; baseline 0.001 -12"><span class='ocrx_word' id='word_1_233' title='bbox 197 2192 229 2222; x_wconf 93' lang='grc' dir='ltr'><strong>Μ</strong></span> <span class='ocrx_word' id='word_1_234' title='bbox 242 2192 330 2223; x_wconf 88' lang='lat' dir='ltr'>AV:</span> <span class='ocrx_word' id='word_1_235' title='bbox 356 2192 511 2233; x_wconf 81' lang='grc' dir='ltr'>καλύψειν</span> <span class='ocrx_word' id='word_1_236' title='bbox 527 2193 608 2223; x_wconf 78' lang='lat' dir='ltr'>V²B</span> <span class='ocrx_word' id='word_1_237' title='bbox 622 2193 651 2223; x_wconf 94' lang='lat' dir='ltr'><strong>D</strong></span> <span class='ocrx_word' id='word_1_238' title='bbox 664 2194 713 2226; x_wconf 95' lang='lat' dir='ltr'>N:</span> <span class='ocrx_word' id='word_1_239' title='bbox 744 2194 899 2234; x_wconf 81' lang='grc' dir='ltr'>καλύψαθ’</span> <span class='ocrx_word' id='word_1_240' title='bbox 919 2194 945 2224; x_wconf 93' lang='lat' dir='ltr'>L</span> <span class='ocrx_word' id='word_1_241' title='bbox 958 2193 984 2223; x_wconf 90' lang='lat' dir='ltr'><strong>P</strong></span> <span class='ocrx_word' id='word_1_242' title='bbox 1161 2202 1222 2232; x_wconf 86' lang='lat'>713</span> <span class='ocrx_word' id='word_1_243' title='bbox 1246 2194 1342 2234; x_wconf 84' lang='grc' dir='ltr'>κόραν</span> <span class='ocrx_word' id='word_1_244' title='bbox 1357 2192 1387 2223; x_wconf 94' lang='lat' dir='ltr'>V</span> <span class='ocrx_word' id='word_1_245' title='bbox 1406 2191 1518 2223; x_wconf 83' lang='lat' dir='ltr'>Haun.</span> 
     </span>
     <span class='ocr_line' id='line_1_34' title="bbox 196 2234 1522 2288; baseline 0.002 -23"><span class='ocrx_word' id='word_1_246' title='bbox 196 2244 256 2288; x_wconf 50' lang='lat'>71⁰5</span> <span class='ocrx_word' id='word_1_247' title='bbox 282 2235 440 2266; x_wconf 81' lang='lat' dir='ltr'>Fortasse</span> <span class='ocrx_word' id='word_1_248' title='bbox 452 2236 659 2277; x_wconf 85' lang='grc' dir='ltr'>προρρέπουσ’</span> <span class='ocrx_word' id='word_1_249' title='bbox 679 2249 686 2267; x_wconf 76' lang='lat'>2</span> <span class='ocrx_word' id='word_1_250' title='bbox 709 2238 926 2279; x_wconf 60' lang='lat' dir='ltr'>vrp÷÷÷÷p6⁷rovo³</span> <span class='ocrx_word' id='word_1_251' title='bbox 943 2237 968 2267; x_wconf 91' lang='lat' dir='ltr'><strong>L</strong></span> <span class='ocrx_word' id='word_1_252' title='bbox 984 2237 1036 2275; x_wconf 85' lang='grc' dir='ltr'>(οτ</span> <span class='ocrx_word' id='word_1_253' title='bbox 1051 2236 1193 2266; x_wconf 82' lang='lat' dir='ltr'>inseruit</span> <span class='ocrx_word' id='word_1_254' title='bbox 1210 2236 1236 2273; x_wconf 85' lang='lat' dir='ltr'>l)</span> <span class='ocrx_word' id='word_1_255' title='bbox 1255 2247 1262 2266; x_wconf 90' lang='lat'>:</span> <span class='ocrx_word' id='word_1_256' title='bbox 1287 2234 1522 2278; x_wconf 84' lang='grc' dir='ltr'>προστρέπουσ’</span> 
     </span>
    </p>
   </div>
   <div class='ocr_carea' id='block_1_3' title="bbox 194 2278 1518 2365">
    <p class='ocr_par' dir='ltr' id='par_1_4' title="bbox 194 2278 1518 2365">
     <span class='ocr_line' id='line_1_35' title="bbox 196 2278 1518 2321; baseline 0.001 -12"><span class='ocrx_word' id='word_1_257' title='bbox 196 2279 256 2310; x_wconf 71' lang='grc' dir='ltr'>Β”;</span> <span class='ocrx_word' id='word_1_258' title='bbox 281 2278 493 2321; x_wconf 85' lang='grc' dir='ltr'>προτρέπουσ’</span> <span class='ocrx_word' id='word_1_259' title='bbox 513 2279 582 2310; x_wconf 84' lang='lat' dir='ltr'>rell.</span> <span class='ocrx_word' id='word_1_260' title='bbox 603 2285 647 2318; x_wconf 82' lang='lat' dir='ltr'>et,</span> <span class='ocrx_word' id='word_1_261' title='bbox 667 2285 702 2310; x_wconf 88' lang='lat' dir='ltr'>ut</span> <span class='ocrx_word' id='word_1_262' title='bbox 717 2280 798 2318; x_wconf 86' lang='lat' dir='ltr'><strong>vid.,</strong></span> <span class='ocrx_word' id='word_1_263' title='bbox 817 2285 841 2315; x_wconf 84' lang='grc' dir='ltr'>Σ</span> <span class='ocrx_word' id='word_1_264' title='bbox 959 2281 1021 2319; x_wconf 85' lang='lat'>716</span> <span class='ocrx_word' id='word_1_265' title='bbox 1045 2280 1082 2317; x_wconf 86' lang='grc' dir='ltr'>δή</span> <span class='ocrx_word' id='word_1_266' title='bbox 1099 2292 1130 2311; x_wconf 84' lang='grc' dir='ltr'>τι</span> <span class='ocrx_word' id='word_1_267' title='bbox 1151 2278 1254 2309; x_wconf 86' lang='lat' dir='ltr'>LPB</span> <span class='ocrx_word' id='word_1_268' title='bbox 1389 2280 1448 2318; x_wconf 84' lang='lat'>718</span> <span class='ocrx_word' id='word_1_269' title='bbox 1473 2279 1518 2319; x_wconf 79' lang='grc' dir='ltr'>τ’]</span> 
     </span>
     <span class='ocr_line' id='line_1_36' title="bbox 194 2322 798 2365; baseline 0.002 -11"><span class='ocrx_word' id='word_1_270' title='bbox 194 2323 221 2354; x_wconf 88' lang='grc' dir='ltr'>δ’</span> <span class='ocrx_word' id='word_1_271' title='bbox 239 2322 367 2353; x_wconf 79' lang='lat' dir='ltr'>Canter</span> <span class='ocrx_word' id='word_1_272' title='bbox 498 2332 562 2362; x_wconf 84' lang='lat'>719</span> <span class='ocrx_word' id='word_1_273' title='bbox 585 2324 714 2365; x_wconf 83' lang='grc' dir='ltr'>κρησίου</span> <span class='ocrx_word' id='word_1_274' title='bbox 733 2324 759 2354; x_wconf 94' lang='lat' dir='ltr'>L</span> <span class='ocrx_word' id='word_1_275' title='bbox 772 2323 798 2355; x_wconf 89' lang='lat' dir='ltr'>P</span> 
     </span>
    </p>
   </div>
  </div>
 </body>
</html>
