1683 2732
722 80 970 118 ΜΙ-ΙΔΕΙΑ

283 184 431 238 ἔχθραν
455 201 512 227 τις
537 184 631 240 αὐτῇ
659 184 888 224 καλλίνικον
913 185 1076 224 οἴσεται.
1473 200 1515 232 45

352 251 443 292 ἀλλ’
469 252 550 292 οἵδε
575 253 712 292 παῖδες
737 252 780 291 ἐκ
804 251 958 304 τρόχων
983 248 1226 302 πεπαυμένοι

286 320 506 372 στείχουσι,
533 317 679 370 μητρὸς
704 317 816 359 οὐδὲν
842 318 1091 369 ἐννοούμενοι

286 389 426 427 κακῶν·
462 384 533 426 νέα
556 387 630 438 γὰρ
658 386 821 438 φροντὶς
845 385 914 426 οὐκ
939 386 1079 437 ἀλγεῖν
1104 389 1228 439 φιλεῖ.

184 469 513 500 ΠΑῙΔΑΓΩΓΟΣ

283 530 454 571 παλαιὸν
479 531 595 571 οἴκων
621 532 746 581 κτῆμα
771 531 983 580 δεσποίνης
1009 531 1116 581 ἐμῆς,

284 597 324 638 τί
345 596 442 650 πρὸς
465 597 634 638 πύλαισι
658 596 765 647 τήνδ’
790 596 930 650 ἄγουσ’
956 598 1120 649 ἐρημίαν
1471 609 1514 641 50

284 664 464 714 ἕστηκας,
492 664 587 714 αὐτὴ
614 663 802 716 θρεομένη
828 669 955 720 σαυτῇ
982 662 1098 710 κακά;

284 735 366 772 πῶς
391 735 464 771 σοῦ
488 732 589 782 μόνη
616 730 772 781 Μήδεια
796 731 1008 771 λείπεσθαι
1031 729 1160 778 θέλεις

182 799 254 849 Τρ.
283 796 430 838 τέκνων
456 798 578 839 ὀπαδὲ
603 797 762 850 πρέσβυ
785 801 864 838 τῶν
890 796 1084 844 Ἰάσονος,

283 868 498 918 χρηστοῖσι
523 865 679 907 δούλοις
704 862 888 917 ξυμφορὰ
912 866 960 904 τὰ
984 867 1193 905 δεσποτῶν

284 935 409 974 κακῶς
434 933 633 978 πίτνοντα,
662 932 724 972 καὶ
750 936 907 984 φρενῶν
930 930 1185 972 ἀνθάπτεται.
1473 943 1515 975 55

283 998 362 1050 ἐγὼ
388 1000 463 1051 γὰρ
489 1000 529 1040 ἐς
552 998 655 1039 τοῦτ’
680 998 872 1050 ἐκβέβηκ’
898 999 1131 1050 ἀλγηδόνος,

284 1065 382 1105 ὥσθ’
408 1066 541 1118 ἵμερός
564 1065 604 1116 μ’
627 1066 782 1117 ὑπῆλθε
806 1066 856 1121 γῇ
881 1082 924 1106 τε
951 1065 1125 1120 κούρανῷ

282 1130 395 1183 λέξαι
419 1132 600 1188 μολούσῃ
625 1135 737 1185 δεῦρο
762 1133 974 1182 δεσποίνης
998 1132 1134 1186 τύχας.

185 1202 264 1240 Πα.
285 1199 391 1239 οὔπω
418 1201 493 1251 γὰρ
515 1199 540 1250 ἡ
564 1198 734 1240 τάλαινα
760 1199 922 1240 παύεται
947 1200 1071 1252 γόων;

182 1269 253 1318 Τρ.
286 1266 388 1316 ζηλῶ
415 1266 467 1306 σ’·
508 1268 549 1307 ἐν
574 1267 677 1323 ἀρχῇ
702 1269 811 1317 πῆμα
837 1265 1010 1307 κούδέπω
1035 1268 1163 1317 μεσοῖ.
1473 1269 1515 1301 60

184 1336 262 1373 Πα.
283 1331 312 1373 ὦ
337 1335 560 1385 μῶρος-εἰ
585 1333 661 1387 χρὴ
688 1333 883 1375 δεσπότας
908 1334 1031 1374 εἰπεῖν
1054 1333 1157 1375 τόδε·

285 1400 336 1442 ὡς
361 1400 475 1442 οὐδὲν
499 1400 581 1441 οἶδε
605 1404 683 1441 τῶν
708 1400 909 1452 νεωτέρων
935 1404 1076 1440 κακῶν.

182 1469 254 1519 Τρ.
283 1467 323 1507 τί
345 1466 378 1506 δ’
406 1467 529 1514 ἔστιν,
559 1465 588 1507 ὦ
615 1467 768 1520 γεραιέ,·
805 1467 858 1519 μὴ
885 1467 1026 1520 φθόνει
1052 1466 1219 1519 φράσαι.

184 1536 260 1573 Πα.
283 1533 406 1575 οὐδέν·
443 1534 644 1587 μετέγνων
671 1534 733 1575 καὶ
757 1536 806 1575 τὰ
830 1534 971 1588 πρόσθ’
996 1533 1194 1587 εἰρημένα.

181 1603 252 1652 Τρ.
283 1599 348 1652 μή,
374 1601 472 1653 πρὸς
494 1602 660 1655 γενείου,
689 1602 833 1654 κρύπτε
857 1602 1077 1642 σύνδουλον
1102 1600 1233 1641 σέθεν’
1474 1605 1514 1643 65

284 1667 401 1720 σιγὴν
427 1667 513 1721 γάρ,
542 1670 576 1710 εἰ
599 1667 689 1722 χρή,
715 1672 840 1712 τῶνδε
863 1667 1038 1720 θήσομαι
1061 1667 1164 1720 πέρι.

183 1737 261 1775 Πα.
281 1734 433 1786 ἤκουσά
457 1752 524 1776 του
547 1734 752 1788 λέγοντος,
781 1736 825 1776 οὐ
850 1738 974 1777 δοκῶν
1000 1735 1144 1781 κλύειν,

281 1801 459 1844 πεσσοὺς
484 1803 735 1854 προσελθών,
761 1802 857 1844 ἔνθα
880 1802 926 1852 δὴ
952 1803 1188 1843 παλαίτατοι

282 1867 496 1915 θάσσουσι,
524 1869 672 1920 σεμνὸν
696 1869 800 1921 ἀμφὶ
823 1868 1023 1921 Πειρήνης
1048 1870 1163 1921 ὕδωρ,

281 1934 333 1978 ὣς
357 1935 501 1977 τούσδε
525 1939 665 1979 παῖδας
689 1938 762 1989 γῆς
786 1937 884 1977 ε’λᾶν
910 1937 1120 1989 Κορινθίας
1470 1946 1513 1978 70

225 2038 266 2067 45
291 2029 428 2067 οἵσεταιἹ
448 2029 562 2072 ᾄσεται
580 2029 735 2060 Muretus
835 2040 877 2069 49
902 2027 1307 2062 HAIAAFQI'OEALP:
1329 2026 1513 2069 πρεσβύτης

182 2073 233 2104 καὶ
251 2073 454 2113 παιδαγωγὸς
466 2073 493 2103 Β
510 2084 516 2104 :
537 2073 722 2116 πρεσβύτης
736 2073 775 2104 V.
820 2073 900 2104 Post
914 2073 945 2103 h.
962 2083 991 2103 v.
1005 2082 1143 2111 semper
1159 2075 1268 2112 παιδ’γ.
1284 2071 1310 2101 L
1324 2071 1358 2111 P,
1377 2081 1514 2110 semper

181 2128 251 2154 πρε.
274 2115 314 2154 Β,
331 2116 411 2146 alibi
428 2116 518 2148 aliud
530 2116 613 2149 AV.
660 2117 708 2148 Cf.
727 2121 797 2148 not.
815 2117 896 2148 adv.
914 2126 996 2147 1002
1106 2124 1146 2154 57
1171 2117 1336 2154 μούπῆλθε
1356 2114 1513 2145 Meineke

179 2160 245 2199 (μοι
264 2161 311 2192 ἐπ.
329 2160 361 2202 b)
490 2161 532 2199 58
554 2162 721 2200 μολοῦσαν
740 2160 765 2190 L
780 2171 800 2190 ν
927 2159 1097 2197 δεσποίνης
1114 2159 1146 2189 Α
1158 2158 1185 2188 Β
1204 2163 1238 2188 et
1255 2162 1279 2191 Σ
1296 2158 1425 2189 Phoen.
1446 2168 1459 2187 1
1480 2162 1513 2188 et

180 2212 348 2242 suprascr.
367 2202 409 2232 Vl
427 2214 434 2233 :
456 2204 587 2242 μηδείας
604 2204 672 2234 VL
685 2203 720 2235 Ρ.
770 2204 821 2234 Cf.
840 2203 998 2242 Ennium,
1017 2203 1053 2233 [Γ.
1074 2212 1095 2241 3
1219 2203 1261 2231 62
1288 2201 1370 2232 Inde
1387 2202 1429 2232 ab
1447 2202 1511 2231 hoc

181 2256 226 2284 v.‚
244 2257 343 2285 quern
362 2246 492 2276 Nutriei
510 2247 637 2286 tribuit,
656 2257 763 2287 usque
780 2247 822 2278 ad
838 2258 869 2278 v.
885 2248 928 2277 80
947 2246 1097 2277 Nutricis
1115 2245 1217 2276 verba
1235 2245 1440 2284 paedagogo
1457 2244 1512 2274 dat

182 2294 216 2328 Σ,
244 2290 435 2328 Paedagogi
461 2289 591 2321 Nutrici
732 2292 775 2330 64
807 2291 849 2323 τὰ
872 2300 936 2322 om.
961 2289 994 2320 A
1136 2289 1179 2319 68
1210 2289 1327 2322 θώκους
1351 2302 1400 2331 πρ.
1430 2288 1454 2319 ἔ.
1482 2289 1509 2318 δ.

182 2334 371 2375 παλαίτεροι
388 2333 468 2365 Chr.
488 2333 558 2365 Pat.
583 2335 661 2365 1181
1342 2375 1379 2406 6*
