1651 2780
629 171 974 211 ΕΥΡΙΠΙΔΟΥ

240 279 452 320 Κύκλωπες
478 276 627 318 οἰκοῦσ’
654 276 760 327 ἄντρ’
787 275 897 327 ἕρημ’
924 274 1186 326 ἀνδροκτόνοι.

237 345 383 386 τούτων
409 344 496 386 ἑνὸς
523 343 744 396 ληφθέντες
771 344 892 392 ἐσμὲν
918 343 959 381 ἐν
985 342 1117 391 δόμοις

237 415 381 453 δοῦλοι·
421 414 589 451 καλοῦσι
618 409 648 450 δ’
676 409 792 449 αὐτὸν
818 407 846 464 ᾧ
873 407 1112 460 λατρεύομεν

242 479 503 531 Πολύφημον·
543 478 631 518 ἀντὶ
658 476 690 516 δ’
717 477 830 517 εὐίων
854 473 1144 528 βακχευμάτων
1429 483 1468 514 25

238 547 405 597 ποίμνας
431 545 649 586 Κύκλωπος
675 544 838 584 ἀνοσίου
863 542 1133 593 ποιμαίνομεν.

240 616 375 655 παῖδες
398 614 470 664 μὲν
495 611 563 652 οὗν
588 627 654 662 μοι
682 610 850 651 κλιτύων
875 611 917 650 ἐν
943 607 1130 661 ἐσχάτοις

239 680 402 731 νέμουσι
427 681 535 730 μῆλα
560 677 629 718 νέα
656 677 738 718 νέοι
764 677 995 730 πεφυκότες,

241 748 318 800 ἐγὼ
344 748 384 787 δὲ
410 748 585 799 πληροῦν
613 745 762 796 πίστρα
789 744 851 784 καὶ
876 744 1029 795 σαίρειν
1055 740 1201 794 στέγας

240 813 369 865 μένων
393 811 584 865 τέταγμαι
611 811 747 857 τάσδε,
774 814 872 865 τῷδε
897 812 1093 860 δυσσεβεῖ
1435 819 1474 850 30

243 881 430 921 Κύκλωπι
454 880 622 920 δείπνων
649 879 823 918 ἀνοσίων
849 876 1038 917 διάκονος.

242 948 304 988 καὶ
328 951 409 994 νῦν,
435 948 482 987 τὰ
507 944 813 999 προσταχθέντ’,
842 944 1064 996 ἀναγκαίως
1089 941 1172 995 ἔχει

243 1016 396 1067 σαίρειν
422 1017 563 1069 σιδηρᾷ
588 1012 679 1070 τῇδέ
703 1011 741 1062 μ’
768 1011 925 1067 ἁρπάγῃ
952 1011 1103 1061 δόμους,

244 1083 295 1124 ὡς
319 1082 387 1122 τόν
412 1080 445 1120 τ’
472 1081 624 1121 ἀπόντα
650 1079 850 1129 δεσπότην
877 1075 1061 1118 Κύκλωπ’
1087 1074 1182 1126 ἐμὸν

246 1151 475 1201 καθαροῖσιν
501 1146 658 1199 ἄντροις
684 1144 793 1197 μῆλά
817 1144 851 1185 τ’
878 1143 1146 1196 ἐσδεχώμεθα.
1437 1151 1476 1182 35

244 1216 314 1267 ἤδη
341 1218 383 1256 δὲ
408 1218 549 1257 παῖδας
576 1212 877 1266 προσνέμοντας
903 1212 1045 1262 εἰσορῶ

245 1284 425 1334 ποίμνας.
485 1282 525 1321 τί
548 1284 687 1326 ταῦτα;
727 1283 810 1331 μῶν
838 1278 975 1330 κρότος
1003 1277 1204 1317 σικινίδωι·

246 1351 378 1401 ὁμοῖος
403 1349 492 1399 ὑμῖν
519 1351 588 1388 νῦν
615 1364 656 1387 τε
681 1346 784 1399 χῶτε
813 1346 970 1398 Βακχίῳ

247 1420 367 1467 κῶμοι
394 1414 704 1463 συνασπίζοντες
731 1412 922 1453 Ἀλθαίας
947 1411 1089 1461 δόμους

246 1481 410 1539 προσῇτ’
439 1482 587 1522 ἀοιδαῖς
613 1480 822 1531 βαρβίτων
849 1477 1132 1527 σαυλούμενοι,·
1437 1485 1479 1516 40

147 1579 309 1610 ΧΟΡΟΣ
346 1577 576 1607 ΣΑΤΥΡΩΝ

247 1642 321 1679 παῖ
342 1637 534 1690 γενναίων
558 1638 630 1687 μὲν
656 1634 832 1685 πατέρων
1375 1631 1478 1687 [στρ.

249 1706 440 1756 γενναίων
466 1703 499 1743 τ’
525 1704 567 1743 ἐκ
594 1701 782 1746 τοκάδων,

248 1777 302 1826 πᾷ
327 1770 371 1821 δή
397 1787 462 1821 μοι
489 1770 581 1825 νίσῃ
608 1767 845 1812 σκοπέλους;

316 1837 359 1877 οὐ
383 1835 464 1892 τᾷδ’
490 1835 686 1886 ὑπήνεμος
711 1835 808 1886 αὔρα

319 1904 380 1944 καὶ
404 1904 547 1954 ποιηρὰ
573 1901 745 1953 βοτάνας
1439 1906 1482 1938 45

251 1970 383 2011 δινᾶέν
409 1970 441 2010 θ’
467 1971 568 2021 ὕδωρ
595 1970 780 2019 ποταμῶν

251 2039 293 2078 ἐν
318 2039 499 2088 πίστραις
527 2039 648 2076 κεῖται
674 2034 798 2076 πέλας
823 2033 889 2074 ἄν·

252 2121 372 2156 τρων;
411 2103 455 2144 οὔ
481 2120 545 2142 σοι
572 2101 727 2154 βλαχαὶ
751 2099 914 2145 τεκέωνς

174 2220 231 2228 -ι
253 2193 383 2245 ψύττ’·
422 2193 465 2233 οὐ
489 2191 571 2247 τᾷδ’
598 2191 660 2237 οὔ;
700 2190 743 2230 οὐ
768 2192 858 2243 τᾷδε
883 2191 980 2243 νεμῇ
1326 2183 1482 2236 [ἐφυμν.

253 2259 387 2300 κλιτὺν
414 2258 627 2311 δροσεράν;
1442 2261 1485 2290 50

196 2364 237 2393 30
260 2356 343 2385 τῶδε
363 2353 448 2383 LP:
473 2356 518 2384 τῶ
535 2365 571 2383 τε
592 2350 628 2381 L²
645 2354 701 2380 aut
720 2349 732 2378 l
840 2358 881 2387 32
906 2348 975 2388 ἔχει
993 2344 1062 2375 ΙΡ;
1090 2345 1160 2384 ἔχοι
1179 2343 1204 2374 L
1223 2347 1256 2373 et
1274 2350 1439 2382 suprascr.
1457 2339 1483 2370 P

153 2407 195 2436 39
229 2401 326 2436 κῶμοι
359 2397 405 2426 L:
447 2397 545 2435 κώμοι
579 2394 605 2424 Ρ
621 2406 627 2424 :
663 2394 777 2432 κώμοις
807 2391 918 2421 Bothe
934 2401 940 2420 z
976 2390 1069 2428 κάμοὶ
1101 2388 1242 2418 Florens
1270 2385 1484 2416 Christianus

154 2450 190 2479 41
218 2443 277 2471 παῖ
291 2440 432 2479 scripsi:
459 2441 504 2480 πᾷ
521 2439 559 2475 δή
574 2451 625 2476 μοι
646 2436 670 2466 Ι,
684 2436 719 2467 P.
740 2440 773 2465 ut
792 2446 820 2464 v.
838 2444 880 2473 43
999 2443 1040 2470 42
1065 2431 1094 2463 τ’
1113 2434 1147 2464 ἐκ
1167 2431 1192 2461 L
1205 2430 1250 2461 P:
1277 2428 1302 2461 δ’
1323 2431 1357 2460 ἐκ
1377 2427 1483 2458 Ludv.

156 2483 302 2514 Dindorf
431 2482 472 2520 46
496 2483 520 2512 θ’
538 2483 618 2515 ὕδωρ
639 2480 662 2509 L
675 2480 700 2510 P
719 2492 724 2510 :
749 2479 774 2510 δ’
794 2480 873 2518 ὕδωρ
890 2476 1069 2507 Wecklein
