1683 2732
636 76 1023 114 ΗΡΑΚΛΕΙΔΑΙ

269 181 390 223 πάλιν
415 181 624 233 μεθέστηκ’
650 181 758 223 αὖθις
783 182 822 223 ἐς
847 180 1090 235 τάμήχανον·

268 252 459 302 χρησμῶν
484 250 559 301 γὰρ
585 247 705 303 ᾠδούς
731 252 833 300 φησι
859 249 1065 298 σημαίνειν
1092 249 1169 295 ὅδε,

270 314 315 354 οὐ
339 318 481 366 ταῦρον
506 314 594 355 οὐδὲ
619 315 789 367 μόσχον,
818 314 924 354 ἀλλὰ
951 313 1144 366 παρθένον

271 380 425 433 σφάξαι
451 381 557 437 Κόρῃ
586 379 795 433 Δήμητρος
819 380 904 431 ἥτις
931 379 1102 433 εὐγενής,
1431 394 1497 426 490

270 449 303 488 εἰ
328 447 402 500 χρὴ
428 449 500 499 μὲν
526 447 639 499 ἡμᾶς,
668 446 743 501 χρὴ
769 449 810 488 δὲ
835 446 941 497 τήνδ’
969 446 1069 487 εἶναι
1095 448 1226 488 πόλιν.

269 513 374 553 ταῦτ’
401 513 468 554 οὖν
494 514 784 567 ἀμηχανοῧμεν·
824 514 911 555 οὔτε
936 515 1010 566 γὰρ
1035 512 1151 554 τέκνα

271 579 443 632 σφάξειν
469 579 524 620 ὅδ’
550 581 667 621 αὑτοῦ
693 585 820 633 φησιν
845 579 924 621 οὔτ’
949 579 1075 620 ἄλλου
1100 581 1216 622 τινός.

271 647 386 697 κάμοὶ
410 645 521 699 λέγει
545 649 617 698 μὲν
644 647 688 688 οὐ
715 651 867 700 σαφῶς,
894 646 1005 699 λέγει
1031 646 1073 687 δέ
1098 663 1191 693 πως,

271 714 304 753 εἶ
327 711 379 764 μή
406 729 443 753 τι
468 713 615 754 τούτων
641 712 1008 767 ἐξαμηχανήσομεν,
1433 724 1495 757 495

269 778 368 830 ἡμᾶς
393 781 464 831 μὲν
491 779 618 830 ἄλλην
643 784 761 832 γαῖαν
786 781 980 832 εὑρίσκειν
1005 777 1105 824 τινά,

271 844 386 888 αὐτὸς
411 848 453 887 δὲ
480 850 610 886 σῶσαι
635 845 751 897 τήνδε
776 847 967 897 βούλεται
993 845 1130 900 χθόνα.

172 914 254 952 Μα.
273 912 316 952 ἐν
340 915 438 967 τῷδε
465 913 694 966 κᾶχόμεσθα
719 915 895 963 σωθῆναι
919 913 1048 966 λόγῳ;

173 981 225 1018 Io.
276 979 318 1019 ἐν
344 982 453 1033 τῷδε,
481 979 610 1019 τᾶλλα
635 978 672 1031 γ’
700 979 868 1032 εὐτυχῶς
895 979 1149 1030 πεπραγότες.

173 1047 254 1085 Μα.
272 1044 324 1096 μή
352 1062 420 1087 νυν
445 1044 589 1101 τρέσῃς
616 1045 669 1086 ἔτ’
697 1045 841 1099 ἐχθρὸν
867 1045 1049 1098 Ἀργεῖον
1075 1045 1178 1096 δόρυ·
1433 1056 1499 1086 500

272 1112 350 1164 ἐγὼ
376 1113 449 1164 γὰρ
475 1111 569 1162 αὐτὴ
596 1112 687 1164 πρὶν
715 1114 987 1163 κελευσθῆναι,
1014 1110 1144 1163 γέρον,

272 1179 459 1235 θνῄσκειν
485 1180 618 1230 ἑτοίμη
646 1178 708 1219 καὶ
733 1180 1003 1231 παρίστασθαι
1028 1182 1181 1234 σφαγῇ.

271 1246 313 1286 τί
334 1244 519 1298 φήσομεν
542 1245 631 1297 γάρ,
660 1246 693 1286 εἰ
718 1245 835 1287 πόλις
859 1247 930 1296 μὲν
957 1244 1063 1296 ἀξιοῖ

273 1312 450 1353 κίνδυνον
475 1312 585 1363 ἡμῶν
610 1311 733 1352 οὕνεκ’
758 1313 938 1364 αἴρεσθαι
962 1310 1100 1363 μέγαν,

272 1378 381 1420 αὐτοὶ
407 1381 447 1420 δὲ
476 1377 755 1431 προστιθέντες
779 1378 968 1419 ἄλλοισιν
992 1378 1147 1422 πόνους,
1433 1386 1496 1416 505

271 1446 397 1498 παρόν
425 1450 508 1498 σφε
535 1449 676 1500 σῷσαι,
705 1442 960 1497 φευξόμεσθα
984 1443 1035 1495 μὴ
1061 1446 1213 1489 θανεῖν;

272 1511 316 1552 οὐ
342 1511 437 1563 δῆτ’,
468 1512 558 1552 ἐπεί
578 1528 638 1552 τοι
664 1512 725 1552 καὶ
751 1510 925 1563 γέλωτος
950 1510 1051 1561 ἄξια,

273 1577 428 1619 στένειν
455 1580 526 1629 μὲν
555 1577 682 1620 ἱκέτας
707 1579 901 1629 δαιμόνων
928 1575 1178 1628 καθημένους,

273 1644 417 1698 πατρὸς
441 1644 474 1684 δ’
502 1645 651 1686 ἐκείνου
678 1644 828 1696 φύντας
853 1644 897 1685 οὗ
924 1644 1154 1697 πεφύκαμεν

274 1711 412 1753 κακοὺς
439 1712 617 1763 ὁρᾶσθαι·
656 1715 730 1752 ποῦ
754 1710 838 1752 τάδ’
865 1712 906 1752 ἐν
931 1713 1121 1764 χρηστοῖς
1147 1706 1304 1760 πρέπει,’
1431 1718 1494 1748 510

274 1777 451 1824 κάλλιον,
481 1777 601 1829 οἶμαι,
629 1777 828 1828 τῆσδ’-ἃ
851 1777 903 1829 μὴ
930 1777 1041 1830 τύχοι
1068 1774 1220 1817 ποτέ-

273 1845 425 1886 πόλεως
452 1844 640 1895 ἁλούσης,
669 1848 805 1897 χεῖρας
831 1845 885 1886 εἷς
910 1845 1062 1897 ἐχθρῶν
1088 1845 1238 1887 πεσεῖν,

272 1907 467 1952 ’Ϋκᾶπειτα
491 1906 608 1951 τινὰῨ
634 1910 780 1962 πατρὸς
807 1910 930 1951 οὖσαν
956 1910 1136 1962 εὐγενοῦς

215 2013 281 2043 490
305 2003 381 2046 κόρῃ
400 2004 568 2045 Δήμητρος
586 2003 728 2034 Pierson
746 2015 753 2033 ε
779 2002 925 2035 κελεύειν
941 2003 1058 2043 μητρὸς
1078 2001 1103 2031 L
1116 2000 1142 2030 P
1246 2009 1305 2038 491
1333 2000 1416 2039 χρῆν
1435 2022 1441 2029 .
1460 2023 1466 2028 .
1487 2020 1493 2027 ·

171 2049 255 2088 χρῆν
273 2047 336 2076 LP
352 2058 358 2077 :
382 2057 466 2077 corr.
489 2047 665 2078 Hermann
844 2056 908 2085 493
935 2046 1068 2086 σφάξειν
1086 2043 1235 2082 Elmsley
1250 2054 1255 2071 :
1282 2041 1415 2083 σφάζειν
1433 2041 1458 2071 L
1471 2040 1497 2071 P

171 2099 234 2129 494
267 2089 358 2130 λέγει
386 2090 432 2120 P:
467 2090 501 2122 δὲ
529 2090 622 2131 λέγει
650 2090 676 2120 L
848 2099 910 2128 495
943 2088 1106 2129 μηχάνημ’
1136 2087 1311 2128 εὑρήσομεν
1339 2084 1496 2122 Hartung

171 2133 235 2171 498
270 2132 459 2173 κᾶχόμεσθα
490 2133 664 2172 Elmsley:
699 2132 906 2173 κεῦχόμεσθα
936 2132 999 2161 LP
1168 2140 1231 2169 499
1270 2130 1379 2161 Τἅλλα
1409 2128 1435 2159 δ’
1470 2127 1496 2157 Ρ

170 2185 233 2214 504
267 2178 406 2217 αἴρεσθαι
432 2175 600 2216 Elmsley:
635 2177 787 2218 αἱρεῖσθαι
814 2175 879 2206 LP
1047 2175 1110 2212 506
1142 2181 1204 2214 σφε
1230 2176 1331 2213 σῷσαι
1356 2170 1495 2202 Nauck:

172 2221 333 2251 σεσῶσθαι
352 2218 416 2250 LP
574 2228 633 2258 511
660 2221 677 2252 ὃ
695 2220 738 2259 μὴ
758 2219 906 2257 Lenting
1066 2227 1128 2256 513
1153 2217 1290 2248 κᾶπειτα
1305 2215 1378 2247 τινὰ
1394 2224 1495 2253 supra

170 2275 189 2292 τ
214 2262 444 2302 suprascripto
469 2265 502 2294 δε
528 2261 577 2302 (=
596 2263 695 2301 δεινὰ)
723 2262 772 2292 L:
806 2263 943 2294 κᾶπειτα
966 2261 1038 2291 τινὰ
1063 2265 1248 2290 correctum
1274 2259 1307 2289 in
1333 2258 1419 2290 δεινὰ
1444 2257 1490 2287 P:

171 2305 315 2336 sortasse
333 2305 366 2336 τί
382 2305 408 2337 δ’
426 2307 483 2337 οὐκ
501 2305 612 2338 ἔπειτα
627 2316 634 2336 2
666 2305 791 2337 κᾶπειτ’
808 2306 904 2343 ἄτιμα
923 2303 1103 2334 Kirchhoff
