1651 2780
648 124 999 162 ΕΥΡΙΠΙΔΟΥ

168 322 225 328 --
248 294 344 347 πρὸς
369 297 436 334 τοῦ
461 293 547 334 ποτ’
574 296 615 334 ἐν
642 300 692 351 γῇ
720 298 855 346 πτῶμα
881 295 1076 345 δύστηνον
1102 296 1268 341 πίτνεις,-

157 364 206 400 [ο.
255 360 323 407 ὅδ’,
351 359 380 400 ὦ
407 359 525 410 ξένοι,
553 377 601 411 με
628 361 723 403 σοὺς
750 361 947 412 ἀτιμάζων
971 361 1082 403 θεοὺς

251 427 357 467 ἕλκει
382 427 522 477 βιαίως
551 426 678 477 Ζηνὸς
705 429 746 467 ἐκ
772 429 1025 480 προβωμίων.

156 496 224 535 XO.
253 493 302 533 σὺ
328 492 359 532 δ’
386 494 428 533 ἐκ
454 494 560 534 τίνος
585 495 671 546 γῆς,
699 491 728 533 ὦ
754 493 884 546 γέρον,
910 494 1172 547 τετράπτολιν
1443 501 1485 531 80

320 558 500 609 ξύνοικον
526 558 645 610 ἦλθες
669 561 788 607 λαόν;
826 557 849 611 ἢ
875 560 992 613 πέρα-

320 628 387 667 θεν
412 627 510 680 ἁλίῳ
537 625 670 681 πλάτᾳ

321 692 495 747 κατέχετ’
523 694 753 736 ἐκλιπόντες
778 694 940 745 Εὐβοῖδ’
965 693 1105 742 ἀκτάν;

156 763 207 800 Io.
258 759 303 799 οὐ
327 760 539 811 νησιώτην,
568 758 597 800 ὦ
624 758 742 810 ξένοι,
769 763 895 813 τρίβω
920 763 1026 813 βίον,

255 826 346 867 ἀλλ’
373 828 415 867 ἐκ
443 829 641 878 Μυκηνῶν
667 827 744 877 σὴν
770 828 973 881 ἀφίγμεθα
996 829 1135 881 χθόνα.
1445 832 1485 870 85

154 897 226 934 Xo.
317 895 440 945 ὄνομα
464 895 503 934 τί
526 910 586 940 σε,
614 894 743 947 γέρον,

324 963 550 1011 Μυκηναῖος
577 961 775 1011 ὠνόμαζεν
799 961 919 1008 λεώς;

157 1031 210 1068 Ιο.
259 1026 328 1067 τὸν
351 1026 592 1079 Ἡράκλειον
617 1028 705 1067 ἵστε
729 1045 804 1068 που
830 1027 1085 1079 παραστάτην

257 1093 424 1134 Ἰόλαον·
463 1094 507 1133 οὐ
531 1095 607 1146 γὰρ
633 1094 733 1145 σῶμ’
759 1093 975 1146 ἀκήρυκτον
1000 1095 1101 1134 τόδε.

158 1164 228 1201 xo.
259 1159 330 1201 οἶδ’
357 1160 595 1202 εἰσακούσας
623 1161 686 1201 καὶ
710 1162 814 1213 πρίν·
852 1161 958 1200 ἀλλὰ
982 1165 1051 1201 τοῦ
1074 1163 1171 1202 ποτὲ
1444 1174 1488 1205 90

326 1228 368 1267 ἐν
393 1227 480 1280 χερὶ
507 1232 560 1282 σᾷ
588 1228 755 1278 κομίζεις
781 1227 915 1279 κόρους

326 1297 572 1346 νεοτρεφεῖς;
613 1293 785 1346 φράσον.

163 1364 212 1400 Ιο.
256 1359 501 1412 ίΗρακλεόυς
526 1359 596 1400 οἵδ’
623 1362 702 1401 εἶσὶ
727 1363 874 1407 παῖδες,
902 1359 931 1401 ὦ
956 1360 1074 1412 ξένοι,

262 1426 384 1467 ἱκέται
410 1426 527 1467 σέθεν
552 1444 594 1468 τε
622 1428 682 1468 καὶ
708 1429 862 1469 πόλεως
887 1427 1113 1479 ἀφιγμένοι.

161 1531 232 1569 xo.
326 1529 366 1568 τί
389 1527 524 1581 χρέος;
561 1525 584 1577 ἢ
610 1529 743 1580 λόγων
771 1529 927 1575 πόλεος,
955 1528 1070 1569 ἔνεπέ
1093 1545 1171 1579 μοι,
1388 1523 1488 1579 [ἀντ.

326 1595 538 1646 μελόμενοι
562 1598 716 1648 τυχεῖν,·
1449 1597 1490 1638 96

164 1666 215 1702 Ῑο.
264 1660 353 1712 μήτ’
380 1662 585 1711 ἐκδοθῆναι
610 1660 708 1712 μήτε
734 1660 830 1713 πρὸς
855 1661 950 1711 βίαν
977 1663 1076 1702 θεῶν

262 1731 339 1768 τῶν
366 1731 448 1768 σῶν
472 1727 801 1769 ἀποσπασθέντες
828 1729 881 1768 εἰς
900 1726 1047 1780 ’Ἄργος
1071 1730 1221 1779 μολεῖν.

165 1797 236 1844 Κη.
265 1794 356 1834 ἀλλ’
382 1795 465 1835 οὔτι
488 1798 569 1835 τοῖς
596 1797 683 1837 σοῖς
709 1795 919 1835 δεσπόταις
943 1793 1026 1834 τάδ’
1052 1794 1221 1846 ἀρκέσει,

264 1861 300 1901 οἳ
327 1864 400 1900 σοῦ
426 1864 654 1913 κρατοῦντες
681 1860 810 1902 ἐνθάδ’
836 1861 1066 1913 εὑρίσκουσί
1089 1878 1147 1901 σε.
1430 1872 1491 1894 100

164 1930 236 1967 Xo.
265 1927 366 1969 εἰκὸς
391 1930 490 1968 θεῶν
516 1930 673 1980 ἱκτῆρας
698 1929 906 1973 αἰδεῖσθαι,
933 1926 1033 1978 ξένε,

333 1994 395 2034 καὶ
420 1994 471 2046 μὴ
497 1996 616 2049 βιαίῳ
642 1996 730 2048 χερὶ
755 1995 949 2045 δαιμόνων

332 2061 562 2102 ἀπολείπειν
588 2058 655 2114 [σ’]
681 2062 760 2112 ἕδη·

211 2161 248 2190 77
282 2155 402 2185 πιτνεῖς
428 2153 480 2186 L·.
505 2156 614 2186 πιτνεῖ
639 2152 666 2183 Ρ
801 2152 907 2184 Deest
934 2162 1054 2183 versus
1082 2152 1133 2183 cui
1161 2163 1192 2182 v.
1220 2162 1260 2192 97
1291 2153 1492 2192 respondeat

167 2197 209 2226 80
233 2196 273 2227 σὺ
290 2197 315 2227 δ’
331 2196 524 2235 Tyrwhitt:
549 2199 565 2228 ὁ
584 2198 610 2228 δ’
629 2196 655 2226 L
669 2196 694 2226 P
849 2197 891 2235 83
915 2195 1068 2235 κατέχετ’
1091 2195 1266 2227 Hermann
1283 2207 1289 2227 :
1314 2195 1491 2237 κατέσχετ’

169 2239 194 2269 L
207 2238 233 2268 P
323 2239 440 2276 εὐβοΐδ’
460 2240 485 2270 L
500 2240 525 2270 P
669 2241 713 2279 89
737 2238 834 2280 σῶμ’]
855 2239 940 2279 ὄνομ’
960 2239 1093 2269 Dobrec
1236 2249 1279 2278 90
1303 2241 1360 2271 τοῦ
1375 2239 1407 2268 l:
1433 2241 1492 2271 ποῦ

169 2282 195 2312 L
208 2281 233 2311 P
321 2285 379 2314 τοῦ
396 2283 475 2314 ποτὲ
496 2283 500 2324 l
523 2285 556 2315 ἐν
574 2282 804 2314 Wilamowitz
821 2298 826 2314 :
853 2286 909 2315 τοῦ
929 2282 934 2324 Ι
954 2282 1025 2314 ποτ’
1044 2285 1077 2314 ἐν
1096 2282 1121 2312 L
1137 2282 1163 2312 Ρ
1316 2292 1355 2321 91
1382 2283 1465 2323 χειρὶ
1483 2282 1495 2311 Ι

167 2334 209 2365 95
241 2325 366 2358 πόλεως
396 2326 506 2358 ἔννεπε
532 2326 597 2356 LP
787 2327 831 2366 96
859 2326 1032 2366 μελόμενοι
1057 2325 1204 2356 Canter:
1235 2325 1403 2366 μελομένῳ
1429 2325 1494 2355 LP

167 2378 220 2407 97,
238 2370 281 2407 98
306 2369 355 2399 Cf.
376 2379 448 2406 222,
467 2379 532 2408 223
667 2380 728 2400 102
751 2371 835 2411 χειρὶ
854 2369 1072 2408 Hervagiana
1089 2370 1239 2400 secunda
1376 2377 1437 2407 103
1461 2369 1492 2399 ‹r’

169 2412 293 2443 seclusi
311 2423 317 2442 :
343 2413 398 2453 σφ’
419 2412 597 2451 Musgrave
615 2424 621 2443 :
647 2412 820 2444 ἀπολέπειν
838 2414 868 2444 σ’
888 2413 1014 2443 Reiske
