1651 2780
614 107 959 145 ΕΥΡΙΠΙΔΟΥ

220 211 421 263 πρόθυμον
450 210 524 264 εἶχ’
551 210 762 262 ὀφθαλμὸν
789 212 844 252 εἷς
867 209 1045 251 Ἰάσονα·

218 279 353 319 ἔπειτα
379 277 515 328 μέντοι
543 277 844 329 προύκαλύψατ’
872 279 1027 328 ὄμματα

218 343 362 395 λευκήν
388 344 420 384 τ’
448 343 674 397 ἀπέστρεψ’
703 344 874 395 ἔμπαλιν
899 345 1080 396 παρηίδα,

220 412 368 452 παίδων
394 410 639 464 μυσαχθεῖσ’
667 411 858 452 εἰσόδους·
898 412 1015 452 πόσις
1039 412 1081 450 δὲ
1109 408 1180 452 σὸς

219 477 338 531 ὀργάς
365 477 398 517 τ’
424 479 571 534 ἀφῄρει
600 477 662 517 καὶ
687 478 815 530 χόλον
839 477 1014 519 νεάνιδος
1370 489 1452 519 1150

219 544 352 597 λέγων
377 543 475 585 τάδ’·
514 544 574 584 Οὐ
599 544 651 595 μὴ
678 543 872 595 δυσμενὴς
898 545 972 600 ἔσῃ
999 545 1147 596 φίλοις,

220 612 354 668 παύσῃ
378 614 419 652 δὲ
448 614 570 662 θυμοῦ
597 611 658 652 καὶ
685 610 807 652 πάλιν
834 611 1023 664 στρέψεις
1050 610 1159 663 κάρα,

220 679 363 730 φίλους
388 678 591 729 νομίζουσ’
619 679 769 730 οὕσπερ
795 678 841 719 ἂν
868 679 986 720 πόσις
1013 677 1143 723 σέθεν,

220 744 311 801 δέξῃ
338 747 379 786 δὲ
406 748 511 797 δῶρα
538 746 601 785 καὶ
629 744 853 801 παραιτήσῃ
880 744 1024 797 πατρὸς

222 813 351 864 φυγὰς
378 812 541 864 ἀφεῖναι
569 813 684 853 παισὶ
710 811 846 858 τοῖσδ’,
874 811 970 862 ἐμὴν
995 810 1131 864 χάριν;
1367 822 1452 853 1155

285 874 309 925 ἣ
359 875 368 889 ’
395 875 445 917 ὣς
471 877 601 917 ἐσεῖδε
628 877 790 927 κόσμον,
818 877 886 917 οὐκ
912 876 1121 929 ἠνέσχετο,

221 943 313 984 ἀλλ’
338 942 448 999 ᾔνεσ’
476 943 587 995 ἀνδρὶ
614 942 755 989 πάντα,
786 943 849 983 καὶ
874 944 962 994 πρὶν
989 944 1030 982 ἐκ
1056 944 1185 994 δόμων

221 1011 372 1062 μακρὰν
399 1010 556 1050 ἀπεῖναι
584 1009 735 1061 πατέρα
762 1009 824 1049 καὶ
849 1012 1003 1054 παῖδας,
1030 1007 1179 1060 [σέθεν]

221 1080 411 1127 λαβοῦσα
437 1075 615 1117 πέπλους
642 1077 848 1117 ποικίλους
871 1075 1114 1129 ἠμπέσχετο,

223 1146 397 1196 χρυσοῦν
422 1160 465 1183 τε
491 1145 608 1184 θεῖσα
636 1142 841 1194 στέφανον
867 1141 969 1194 ἀμφὶ
992 1142 1238 1195 βοστρύχοις
1373 1145 1455 1177 1160

223 1213 390 1264 λαμπρῷ
419 1210 623 1263 κατόπτρῳ
654 1209 940 1262 σχηματίζεται
967 1208 1101 1259 κόμην,

224 1276 385 1329 ἄψυχον
412 1277 501 1317 εἰκὼ
529 1279 804 1328 προσγελῶσά
830 1275 1024 1326 σώματος.

226 1342 374 1384 κᾶπειτ’
401 1341 599 1383 &vac-750²
630 1344 671 1382 ἐκ
698 1343 850 1394 θρόνων
875 1341 1071 1395 διέρχεται

227 1408 385 1461 στέγας,
414 1409 542 1461 ἁβρὸν
570 1409 773 1459 βαίνουσα
797 1408 1007 1463 παλλεύκῳ
1031 1409 1136 1455 ποδί,

226 1476 363 1528 δώροις
387 1476 698 1529 ὑπερχαίρουσα,
727 1476 861 1516 πολλὰ
887 1474 1081 1516 πολλάκις
1373 1477 1456 1517 1165

225 1541 376 1583 τένοντ’
403 1543 443 1597 ἐς
469 1541 586 1594 ὀρθὸν
615 1544 767 1593 ὄμμασι
793 1540 1054 1592 σκοπουμένη.

227 1607 432 1649 τούνθένδε
459 1608 596 1659 μέντοι
623 1608 751 1649 δεινὸν
777 1608 824 1658 ἦν
848 1607 959 1659 θέαμ’
986 1609 1093 1648 ἰδεῖν·

227 1676 367 1728 χροιὰν
392 1677 467 1727 γὰρ
494 1674 712 1726 ἀλλάξασα
737 1676 881 1728 λεχρία
904 1674 1026 1715 πάλιν

228 1745 352 1795 χωρεῖ
374 1741 574 1793 τρέμουσα
602 1745 710 1782 κῶλα
737 1743 799 1782 καὶ
824 1742 940 1792 μόλις
965 1740 1110 1793 φθάνει

229 1809 431 1860 θρόνοισιν
458 1810 693 1859 ἐμπεσοῦσα
718 1808 770 1859 μὴ
797 1809 921 1861 χαμαὶ
947 1811 1100 1848 πεσεῖν.
1379 1816 1462 1851 1170

231 1876 298 1915 καί
320 1892 378 1917 τις
403 1877 541 1927 γεραιὰ
569 1876 828 1927 προσπόλων,
856 1873 1007 1925 δόξασά
1031 1890 1105 1914 που

230 1938 253 1991 ἦ
280 1940 415 1983 Πανὸς
441 1942 562 1994 ὀργὰς
588 1938 611 1991 ἦ
639 1941 745 1984 τινὸς
773 1944 872 1982 θεῶν
897 1945 1048 1991 μολεῖν,

179 2044 261 2074 1150
295 2035 351 2065 Sic
381 2034 469 2065 LP:
504 2035 534 2066 τ’
563 2045 628 2065 om.
661 2034 709 2064 Bt
746 2034 843 2074 ὀργὰς
871 2033 983 2075 ἀφῄρει
1011 2034 1062 2065 καὶ
1091 2031 1230 2064 νεάνιδος
1259 2031 1365 2071 χόλον
1392 2031 1464 2062 AV

136 2079 219 2116 1156
250 2080 288 2110 ὡς
316 2077 401 2109 LP:
438 2079 477 2110 ὥς
501 2078 529 2109 τ’
556 2077 609 2107 Α;
646 2076 724 2109 ὥστ’
749 2077 820 2107 VB
983 2077 1066 2114 1158
1100 2078 1212 2107 παῖδας
1237 2074 1330 2106 σέθεν
1355 2074 1464 2105 ΒΡΙ;

133 2119 232 2153 τέκνα
256 2120 349 2153 σέθεν
365 2121 458 2151 AV:
493 2120 587 2153 σέθεν
609 2131 673 2152 om.
699 2120 725 2151 L
743 2125 786 2160 et,
811 2125 848 2150 ut
869 2120 1013 2157 videtur,
1036 2123 1078 2152 Σς
1112 2118 1272 2148 videntur
1295 2122 1328 2148 et
1352 2120 1465 2149 παῖδας

134 2168 167 2193 et
195 2163 294 2196 τέκνα
323 2164 529 2203 glossemata
557 2174 633 2195 esse
663 2163 735 2194 eius
761 2163 851 2202 quod
881 2163 995 2202 Eurip.
1027 2161 1202 2200 scripserit
1230 2163 1273 2197 (e.
1287 2171 1316 2199 g.
1345 2162 1464 2198 διπλῆν

135 2208 257 2248 σπορὰν
273 2208 325 2237 vel
344 2208 444 2249 κόρων
459 2206 555 2248 ζυγόν
566 2208 619 2238 vel
637 2206 851 2247 παιδεύματα)
867 2217 872 2235 ;
899 2207 950 2238 καὶ
967 2205 1067 2242 τέκν’,
1082 2204 1204 2244 ἀσμένη
1223 2203 1466 2235 Stadtmueller

139 2259 221 2289 1159
244 2251 432 2291 ἠμπίσχετο
451 2250 603 2289 Elmsley
620 2251 672 2290 (et
689 2250 800 2280 Haun.
822 2254 900 2280 ante
918 2250 1021 2282 corr&
1142 2248 1221 2278 1161
1249 2246 1363 2288 κόμην]
1373 2246 1466 2285 δέμας

135 2293 164 2323 V
179 2304 186 2323 t
211 2303 298 2324 corr.
316 2303 336 2323 v
504 2295 586 2324 1162
609 2307 659 2335 γρ.
680 2292 934 2334 προσβλέπουσα
950 2297 973 2325 Σ
986 2291 1013 2321 Β
1172 2301 1184 2321 1
1195 2292 1254 2330 167
1278 2292 1466 2322 τούντεῦθεν

137 2336 195 2375 μέν
211 2350 262 2368 τοι
279 2336 310 2366 Α
478 2346 489 2365 1
501 2338 560 2367 168
584 2337 703 2377 λεχρία
719 2336 750 2366 Α
762 2336 789 2366 Β
803 2336 828 2365 L
842 2335 868 2365 P
879 2340 902 2368 Σ
917 2346 922 2364 :
949 2335 1084 2376 λεχρίαν
1100 2333 1130 2364 V
1289 2334 1372 2373 1169
1395 2332 1465 2374 τρέ-

140 2392 245 2421 χουσα
262 2379 288 2410 L
301 2379 326 2409 P
466 2389 546 2418 1172
570 2380 589 2417 ἢ
607 2383 686 2411 θεῶν
703 2380 831 2420 Μητρὸς
850 2378 986 2409 Usener
