1683 2732
612 76 1008 114 ANAPOMAXH

321 178 403 218 ἰδοὺ
428 180 628 230 προλείπω
654 178 792 229 βωμὸν
816 178 885 228 ἥδε
909 179 1039 231 χειρία

255 243 424 296 σφάζειν
449 245 645 297 φονεύειν,
672 247 765 290 δεῖν,
793 245 1019 296 ἀπαρτῆσαι
1045 243 1173 295 δέρην.

255 308 286 350 ὦ
310 310 458 357 τέκνον,
486 311 509 361 ἡ
533 310 701 351 τεκοῦσά
727 310 778 356 σ’,
807 310 858 352 ὡς
883 310 933 350 σὺ
956 310 1008 361 μὴ
1036 309 1168 366 θάνῃς,

255 378 403 431 στείχω
427 377 524 429 πρὸς
540 376 694 428 “Ἀιδην·
730 373 778 427 ἢν
804 376 836 416 δ’
862 376 1110 433 ὑπεκδράμῃς
1133 377 1267 429 μόρον,

252 443 431 495 μέμνησο
455 444 611 496 μητρός,
639 444 703 484 οἶα
725 442 843 484 τλᾶσ’
869 444 1097 495 ἀπωλόμην,
1414 456 1476 486 415

255 511 317 551 καὶ
342 511 457 563 πατρὶ
482 514 534 565 τῷ
560 514 618 565 σῷ
643 512 707 551 διὰ
733 509 969 563 φιλημάτων
995 510 1063 551 ἰὼν

253 576 399 629 δάκρυά
422 594 464 618 τε
488 579 640 629 λείβων
666 578 727 618 καὶ
753 577 1035 630 περιπτύσσων
1059 576 1179 630 χέρας

252 643 338 696 λέγ’
365 643 419 684 οῖ’
447 643 607 697 ἔπραξα.
680 647 779 685 πᾶσι
804 643 836 684 δ’
861 644 1081 696 ἀνθρώποις
1106 643 1165 695 ἄρ’
1192 642 1240 693 ἦν

252 709 364 763 ψυχὴ
390 709 507 751 τέκν’·
544 711 655 753 ὅστις
681 710 713 750 δ’
739 709 820 751 αὔτ’
847 709 1004 762 ἄπειρος
1029 709 1083 751 ὢν
1106 709 1240 763 ψέγει,

252 775 383 826 ἧσσον
406 779 477 827 μὲν
503 777 630 830 ἀλγεῖ,
659 779 867 830 δυστυχῶν
893 776 925 816 δ’
952 777 1185 827 εὐδαιμονεῖ.
1415 789 1479 820 420

152 845 226 883 Xo.
253 840 378 898 ᾤκτιρ’
405 843 612 884 ἀκούσασ’·
651 845 785 896 οἰκτρὰ
810 845 884 896 γὰρ
909 844 957 883 τὰ
980 845 1156 897 δυστυχῆ

251 913 413 963 βροτοῖς
437 909 573 957 ἅπασι,
604 910 674 952 κᾶν
701 913 857 963 θυραῖος
882 909 935 951 ὣν
961 916 1066 967 κυρῇ.

253 978 308 1020 εἰς
333 975 535 1029 ξύμβασιν
561 979 601 1018 δὲ
627 980 728 1031 χρῆν
754 994 802 1019 σε
826 979 946 1018 παῖδα
973 976 1050 1027 σὴν
1075 976 1199 1030 ἄγειν,

253 1043 449 1092 Μενέλαε,
478 1044 538 1085 καὶ
564 1043 682 1095 τήνδ’,
712 1044 762 1087 ὡς
789 1045 1033 1101 ἀπαλλαχθῇ
1058 1045 1201 1085 πόνων.

152 1112 230 1151 Με.
251 1109 434 1161 λάβεσθέ
456 1128 523 1162 μοι
547 1111 673 1162 τῆσδ’,
700 1110 993 1164 ἀμφελίξαντες
1017 1110 1149 1164 χέρας,
1412 1122 1477 1154 425

251 1180 388 1228 δμῶες·
425 1178 570 1231 λόγους
594 1179 669 1231 γὰρ
694 1177 738 1218 οὐ
763 1179 906 1230 φίλους
930 1177 1152 1218 ἀκούσεται.

252 1244 328 1296 ἐγώ
356 1243 406 1291 σ’,
434 1244 482 1285 ἵν’
508 1245 630 1297 ἁγνὸν
654 1244 793 1297 βωμὸν
819 1245 996 1286 ἐκλίποις
1020 1247 1123 1291 θεᾶς,

252 1311 461 1363 προύτεινα
486 1311 623 1354 παιδὸς
649 1310 831 1358 θάνατον,
859 1309 888 1366 ᾧ
918 1310 956 1350 σ’
980 1309 1186 1363 ὑπήγαγον

252 1379 306 1420 εἰς
331 1381 465 1432 χεῖρας
492 1380 622 1419 ἐλθεῖν
646 1379 716 1421 τὰς
740 1379 834 1429 ἐμᾶς
861 1378 925 1418 ἐπὶ
950 1377 1129 1430 σφαγήν.

253 1445 315 1485 καὶ
340 1445 467 1497 τάμφὶ
493 1449 566 1485 σοῦ
591 1447 663 1496 μὲν
687 1443 752 1485 ὧδ’
778 1444 908 1497 ἔχοντ’
934 1445 1144 1484 ἐπίστασο·
1417 1456 1479 1488 430

251 1512 298 1550 τὰ
324 1510 356 1550 δ’
383 1511 485 1563 ἀμφὶ
509 1511 647 1553 παιδὸς
672 1514 783 1551 τοῦδε
808 1515 899 1552 παῖς
924 1510 994 1562 ἐμὴ
1022 1514 1155 1563 κρινεῖ,

251 1577 300 1628 ἤν
324 1594 366 1618 τε
392 1581 545 1618 κτανεῖν
570 1595 631 1618 νιν
656 1577 703 1628 ἤν
728 1595 770 1618 τε
793 1577 846 1628 μὴ
874 1581 1028 1618 κτανεῖν
1053 1576 1162 1633 θέλῃ.

253 1643 344 1684 ἀλλ’
369 1644 453 1696 ἕρπ’
479 1646 518 1686 ἐς
543 1646 670 1686 οἴκους
695 1644 842 1690 τούσδ’,
869 1644 919 1684 ἵν’
946 1645 1000 1685 εἷς
1024 1642 1252 1696 ἐλευθέρους

252 1710 370 1761 δούλη
397 1715 559 1763 γεγῶσα
584 1710 727 1762 μήποθ’
751 1711 926 1763 ὑβρίζειν
950 1709 1089 1766 μάθῃς.

153 1781 222 1818 Αν.
251 1778 366 1827 οἴμοι·
405 1778 507 1832 δόλῳ
533 1777 572 1828 μ’
600 1779 784 1828 ὑπῆλθες,
812 1776 1055 1828 ἠπατήμεθα.
1414 1789 1475 1819 435

154 1846 230 1884 Με.
252 1841 416 1895 κήρυσσ’
441 1844 604 1884 ἅπασιν·
643 1844 687 1884 οὐ
712 1845 787 1896 γὰρ
812 1842 1089 1896 ἐξαρνούμεθα.

152 1913 223 1951 Αν.
251 1908 274 1960 ἧ
299 1910 405 1950 ταῦτ’
432 1912 474 1951 ἐν
499 1913 589 1962 ὑμῖν
614 1915 695 1953 τοῖς
720 1910 809 1963 παρ’
836 1910 1000 1964 Εὐρώτᾳ
1025 1909 1156 1962 σοφά;

153 1980 228 2018 Με.
252 1978 315 2017 καὶ
339 1981 421 2020 τοῖς
446 1995 491 2030 γε
514 1979 650 2032 Τροίᾳ,
678 1977 768 2020 τοὺς
793 1978 991 2019 παθόντας
1016 1977 1213 2029 ἀντιδρᾶν.

195 2081 256 2109 414
281 2069 394 2112 μόρον]
412 2070 507 2110 μόνος
527 2071 552 2100 L
694 2081 758 2109 419
782 2068 873 2111 ψέγει
894 2069 925 2099 Μ
939 2068 1049 2099 AVB
1064 2068 1089 2098 Ρ
1104 2073 1147 2102 Ξῖ
1173 2067 1264 2109 λέγει
1285 2067 1310 2097 L
1327 2072 1360 2097 et
1379 2067 1472 2097 Stob.

152 2115 201 2152 76-
223 2124 242 2152 3
403 2124 466 2152 423
489 2118 586 2146 παῖδα
603 2114 665 2153 σὴν
685 2113 882 2144 Kirchhoff:
910 2114 972 2151 σὴν
988 2113 1073 2144 παῖδ’
1094 2112 1125 2141 Μ
1138 2111 1168 2141 V
1183 2112 1208 2141 L
1224 2123 1231 2141 t
1256 2111 1317 2148 σήν
1333 2124 1373 2151 ’γε
1391 2109 1476 2142 παῖδ’

150 2157 203 2187 Αἰ
239 2158 291 2189 καὶ
319 2158 380 2195 σὴν
408 2157 491 2189 παῖδ’
518 2158 566 2188 P:
598 2158 659 2196 σὴν
686 2157 771 2189 παῖδ’
797 2156 922 2198 ἐξάγειν
948 2156 1038 2187 EO:
1072 2156 1134 2194 σήν
1157 2169 1194 2186 τε
1218 2155 1302 2186 παῖδ’
1326 2154 1477 2193 Elmsley

151 2202 216 2238 426
240 2203 296 2233 οὐκ
314 2202 361 2232 ἀκ.
383 2201 452 2240 φίλ.
475 2201 501 2231 Β
516 2202 556 2241 O,
577 2205 717 2240 propter
734 2205 910 2231 accentum
1061 2209 1123 2237 427
1157 2197 1255 2240 ἔγω-γ’
1274 2197 1409 2228 Lobeck
1427 2199 1477 2233 (et

150 2244 216 2284 V2).
264 2244 421 2274 Fortasse
440 2245 527 2276 εἰδὼς
650 2245 793 2276 ἐκλίποις
811 2243 948 2274 Brunck
966 2254 971 2273 :
997 2243 1132 2280 ἐκλίπης
1145 2242 1175 2272 V
1187 2242 1213 2272 L
1227 2242 1253 2272 P
1267 2241 1396 2279 (ἐλίπης
1409 2241 1451 2281 V)
1468 2252 1475 2270 τ

152 2289 285 2330 ἐκλείπῃ
323 2288 353 2317 Μ
369 2288 396 2318 Β
411 2302 416 2319 :
459 2288 574 2330 ἐκλίπῃ
611 2288 640 2318 Α
654 2289 694 2321 Ο,
729 2298 794 2326 quo
835 2291 974 2327 recepto
1014 2286 1195 2325 legendum
1234 2285 1321 2316 soret
1360 2284 1385 2325 ᾧ
1420 2284 1476 2325 σφ’

152 2342 213 2371 432
238 2345 286 2363 νιν
303 2342 366 2362 ΟΙΠ.
387 2331 418 2362 Μ
433 2331 459 2361 Β
472 2331 502 2361 O
591 2332 633 2370 μὴ
652 2334 781 2364 κτανεῖν
796 2331 821 2361 L
832 2330 889 2361 V·':
915 2333 1035 2362 κτεῖναι
1055 2330 1099 2361 P:
1125 2329 1262 2361 κτείνειν
1277 2329 1308 2359 Μ
1322 2328 1353 2359 Α
1364 2329 1394 2358 V
1406 2328 1432 2358 B
1446 2328 1475 2358 Ο

157 2386 212 2415 434
238 2375 346 2415 μηκέθ’
366 2375 469 2415 Paley
590 2377 652 2415 438
675 2389 713 2416 γε
731 2375 744 2405 l
761 2377 811 2415 (τε
832 2375 895 2415 L9:
919 2374 950 2415 ’γ’
970 2377 1003 2406 ἐν
1021 2374 1088 2404 ΡΟ
1105 2385 1110 2403 :
1135 2373 1163 2405 τ’
1184 2376 1217 2405 ἐν
1233 2372 1364 2403 AVB:
1392 2374 1426 2404 ἐν
1444 2371 1475 2401 Μ
