1683 2732
258 160 302 194 Τὸ
335 160 443 205 δρᾶμα
478 160 568 195 δοκεῖ
599 159 838 204 ὑποβαλέσθαι
871 160 961 203 παρὰ
997 161 1194 204 Νεόφρονος
1229 159 1462 203 διασκευάσας,
1495 162 1538 196 ὡς

211 220 413 264 Δικαίαρχος
438 245 446 253 .
473 246 480 254 .
508 246 515 253 .
541 221 602 254 τοῦ
627 220 684 262 τῆς
701 217 870 252 Ἑλλάδος
895 217 974 259 βίου
998 217 1051 251 καὶ
1070 216 1310 262 Ἀριστοτέλης
1335 218 1370 251 ἐν
1395 219 1536 262 ὑπομνή-

208 289 302 318 μασι.
343 277 534 321 μέμφονται
553 276 589 310 δὲ
607 276 697 321 αὐτῷ
710 276 748 310 τὸ
765 274 809 319 μὴ
823 274 1059 319 πεφυλαχέναι
1077 273 1137 318 τὴν
1151 275 1329 320 ὑπόκρισιν
1342 275 1382 319 τῇ
1399 276 1536 320 Μηδείᾳ,

208 331 298 366 ἀλλὰ
320 335 509 377 προπεσεῖν
530 333 576 368 εἷς
598 333 733 378 δάκρυα,
757 331 814 367 ὅτε
837 330 1087 373 ἐπεβούλευσεν
1107 331 1234 366 Ἰάσονι
1258 333 1310 366 καὶ
1333 335 1374 376 τῇ
1396 334 1536 378 γυναικί.

206 389 388 425 ἐπαινεῖται
416 391 451 425 δέ
477 390 496 434 ἡ
524 390 670 435 εἰσβολὴ
697 390 752 425 διὰ
776 390 815 425 τὸ
841 389 1031 434 παθητικῶς
1056 389 1142 436 ἄγαν
1165 390 1257 435 ἔχειν
1279 390 1331 424 καὶ
1356 389 1375 433 ἡ
1398 390 1536 436 ἐπεξερ-
1557 401 1574 432 5

205 447 310 492 γασία
334 446 427 493 (μηδ’
452 447 487 482 ἐν
512 445 671 483 νάπαισι’
693 448 745 482 καὶ
770 448 812 482 τὰ
839 448 927 492 ἑξῆς.
977 446 1061 492 ὅπερ
1086 446 1257 493 ἀγνοήσας
1281 448 1464 493 Τιμαχίδας
1489 450 1535 495 τῷ

205 504 337 552 ὑστέρῳ
354 506 445 551 φησὶ
461 507 582 553 πρώτῳ
601 505 799 551 κεχρῆσθαι,
817 505 862 541 ὡς
874 504 1034 551 ”Ομηρος“

392 572 510 619 εἵματά
526 574 557 608 τ’
576 573 780 620 ἀμφιέσασα
798 573 928 609 θυώδεα
945 574 998 608 καὶ
1015 573 1187 608 λούσασα.
1240 573 1287 618 [A
1302 575 1328 607 Ρ
1343 575 1376 607 D
1392 573 1437 618 F]

272 730 694 768 ΑΡΙΣΤΟΦΑΝΟΎΣ
740 730 1140 768 ΓΡΑΜΜΑΤΙΚΟΎ
1183 730 1469 769 ΎΠΟΘΕΣΙΣ

248 836 377 882 Μήδεια
404 838 458 872 διὰ
482 839 543 883 τὴν
567 839 653 884 πρὸς
678 837 815 873 Ἰάσονα
845 837 972 883 ἔχθραν
997 839 1044 884 τῴ
1074 837 1200 873 ἐκεῖνον
1225 838 1448 884 γεγαμηκέναι
1473 839 1532 884 τὴν
1555 849 1594 871 10

201 895 368 940 Κρέοντος
381 894 549 941 θυγατέρα
567 894 740 931 ἀπέκτεινε
764 896 823 940 μὲν
842 894 994 939 Γλαύκην
1011 896 1063 930 καὶ
1082 894 1233 940 Κρέοντα
1258 896 1310 930 καὶ
1328 896 1405 931 τοὺς
1428 896 1533 933 ἰδίους

199 952 298 994 υἱούς,
313 952 486 998 ἐχωρίσθη
505 953 540 987 δὲ
558 952 709 989 Ἰάσονος
729 953 824 999 Αἰγεῖ
842 953 1108 997 συνοικήσουσα.
1150 951 1228 997 παρ’
1243 953 1408 999 οὐδετέρῳ
1428 956 1530 989 κεῖται

199 1009 217 1053 ἡ
235 1009 426 1055 μυθοποιία.
478 1009 527 1056 [A
542 1012 570 1045 B
585 1011 612 1045 P
628 1012 661 1045 D
677 1009 722 1055 F]

246 1068 264 1112 ἡ
298 1070 358 1114 μὲν
391 1068 496 1113 σκηνὴ
531 1071 592 1103 τοῦ
626 1069 794 1114 δράματος
828 1069 1000 1104 ὑπόκειται
1040 1068 1075 1103 ἐν
1108 1068 1272 1116 Κορίνθῳ,
1307 1070 1325 1102 ὁ
1359 1069 1394 1104 δὲ
1428 1071 1530 1115 χορὸς

198 1127 405 1171 συνέστηκεν
430 1127 467 1162 ἐκ
493 1129 657 1171 γυναικῶν
681 1126 874 1162 πολιτίδων.
924 1127 1121 1173 προλογίζει
1152 1126 1187 1160 δὲ
1214 1127 1343 1172 τροφὸς
1370 1128 1528 1172 Μηδείας.
1553 1142 1589 1175 15

198 1182 247 1229 [A
260 1185 332 1219 BP
347 1183 399 1230 D]

243 1242 406 1288 ἐδιδάχθη
432 1243 487 1278 ε’πὶ
512 1242 719 1287 Πυθοδώρου
745 1241 909 1287 ἰίρχοντος
935 1242 1144 1287 ὀλυμπιάδος
1169 1241 1228 1285 ff(
1254 1243 1319 1277 ἕτει
1345 1245 1385 1277 α’.
1439 1242 1527 1288 [ΑΡ

198 1300 232 1333 D
248 1298 293 1345 F]

243 1360 377 1402 πρῶτος
403 1357 596 1402 Εὐφορίων,
625 1356 779 1401 δεύτερος
811 1358 1000 1402 Σοφοκλῆς,
1033 1357 1145 1403 τρίτος
1175 1358 1356 1403 Εὐριπίδης
1386 1359 1524 1404 Μηδείᾳ,

196 1413 392 1459 Φιλοκτήτῃ,
413 1415 540 1457 Δίκτυι,
561 1416 739 1460 Θερισταῖς
758 1414 930 1460 σατύροις.
981 1415 1020 1449 οὐ
1038 1414 1191 1462 σῴζεται.
1245 1415 1290 1461 [F
1306 1418 1339 1450 D
1357 1415 1401 1462 P]
1548 1431 1587 1454 20

240 1523 253 1542 1
279 1513 317 1544 τὸ
335 1537 341 1543 .
360 1537 367 1544 .
389 1537 396 1544 .
415 1512 633 1550 ὑποβαλέσθαι
650 1512 751 1543 habet
771 1512 871 1543 etiam
888 1512 919 1543 V
1080 1513 1140 1543 1-8
1165 1513 1251 1543 infra
1275 1513 1363 1544 inter
1386 1514 1525 1552 Μηδείας

194 1560 228 1586 et
245 1556 396 1596 ἐδιδάχθη
414 1555 556 1587 collocat
574 1555 600 1586 P
742 1567 755 1586 Ι
783 1557 866 1597 παρὰ
883 1555 1053 1598 νεόφρονος
1072 1557 1130 1598 (ex
1151 1557 1326 1598 νεώφρονος
1350 1560 1453 1596 corr.)
1474 1557 1523 1588 D:

195 1600 262 1641 περὶ
281 1599 449 1640 νεόφρονος
464 1599 507 1632 F:
532 1599 764 1641 παναιόφρονος
780 1599 826 1632 P:
851 1599 1149 1642 γενναιοφρόνωςΑ
1249 1601 1289 1632 ὧς
1305 1624 1312 1631 .
1333 1625 1340 1632 .
1359 1624 1366 1631 .
1389 1601 1523 1640 ὑπομνή-

192 1655 270 1681 μασι
287 1652 351 1673 om.
371 1642 397 1672 P
508 1653 527 1673 2
553 1666 559 1673 .
581 1666 588 1674 .
611 1667 618 1674 .
637 1645 694 1675 τοῦ
710 1645 769 1681 τῆς
788 1642 964 1674 Schwartz
979 1654 984 1674 :
1011 1646 1068 1675 τοῦ
1084 1657 1121 1675 τε
1140 1643 1168 1672 D
1184 1643 1209 1673 F
1224 1654 1230 1673 ε
1254 1645 1323 1684 περὶ
1341 1646 1409 1682 τοῦ,
1427 1657 1463 1675 τε
1479 1643 1520 1675 Α.

194 1685 429 1724 Supplendum
452 1684 511 1726 (ἐν
535 1684 585 1727 α’)
610 1690 646 1716 ut
672 1686 784 1724 Klotz,
810 1686 862 1716 vel
886 1685 944 1728 <ἐν
967 1685 1022 1729 γ’)
1044 1691 1080 1716 ut
1101 1686 1279 1717 Wecklein
1435 1696 1455 1725 3
1484 1688 1522 1718 τὸ

194 1728 348 1759 Brunck:
373 1729 437 1761 τὸῶ
452 1729 501 1760 D:
522 1733 567 1770 τῷ
581 1729 663 1760 AF:
688 1739 750 1760 om.
766 1729 792 1759 P
881 1731 942 1768 τὴν
957 1730 1099 1768 Μηδείαν
1116 1729 1208 1760 Beck
1310 1741 1328 1768 4
1350 1733 1522 1771 προπεσεῖν

195 1771 395 1802 Kirchhoff:
419 1775 615 1813 προσπεσεῖν
634 1773 664 1802 D
678 1772 702 1802 F
715 1773 760 1804 P:
787 1775 899 1805 πεσεῖν
915 1773 947 1802 Α

234 1825 255 1853 9
280 1814 528 1856 Ἀριστοφάνους
544 1819 765 1857 γραμματικοῦ
778 1816 926 1848 ὑπόθεσις
942 1816 968 1846 Β
982 1817 1011 1846 D
1022 1816 1065 1855 A,
1079 1817 1140 1847 sed
1155 1817 1263 1848 ἄλλως
1276 1816 1369 1847 initio
1387 1817 1460 1847 add.
1479 1816 1518 1854 Β,

193 1858 332 1895 Μηδείας
345 1858 378 1887 in
394 1858 460 1888 fine
473 1859 549 1889 add.
564 1859 596 1889 A
612 1870 618 1889 ε
643 1869 708 1890 om.
727 1859 752 1889 F
764 1859 790 1889 P
883 1869 917 1889 ΙΙ
943 1859 1091 1900 γλαύκην
1104 1861 1154 1892 καὶ
1169 1859 1303 1901 κρέοντα
1316 1858 1342 1889 Ρ
1356 1870 1363 1889 :
1387 1859 1521 1901 κρέοντα

194 1900 221 1931 Β
246 1911 412 1940 suprascr.
438 1902 587 1942 γλαύκην
613 1901 674 1934 B¹=
708 1902 856 1943 γλαύκην
880 1902 1014 1944 κρέοντα
1037 1902 1067 1932 Α
1082 1903 1158 1934 FD.
1205 1902 1349 1933 Videtur
1372 1902 1519 1933 Glaucae

189 1954 314 1976 nomen
345 1945 505 1976 omissum
534 1945 638 1976 fuisse
667 1950 700 1975 et
729 1949 847 1985 postea
879 1946 1028 1977 additum
1210 1956 1248 1976 12
1284 1946 1519 1984 συνοικήσουσα

192 1987 366 2018 Lascaris:
399 1989 619 2027 συνοικήσασα
642 1989 739 2020 codd.
890 2000 928 2027 14
956 1989 1067 2020 Verba
1091 1990 1110 2027 ἡ
1135 1989 1217 2028 μὲν.
1238 2013 1245 2019 .
1267 2014 1273 2020 .
1293 1989 1431 2026 Μηδείας
1454 1989 1517 2020 hoc

189 2030 264 2060 loco
285 2031 413 2061 habent
434 2031 461 2061 B
475 2031 512 2070 P,
534 2037 612 2071 post
636 2042 857 2071 personarum
883 2032 1025 2063 indicem
1047 2033 1089 2070 D,
1112 2031 1223 2062 omisit
1246 2032 1279 2062 F.
1329 2032 1367 2062 In
1388 2032 1420 2062 A
1441 2042 1517 2071 pars

190 2073 284 2112 prior
299 2073 424 2113 (usque
445 2075 487 2105 ad
510 2075 698 2116 πολιτίδων)
719 2076 805 2107 infra
827 2080 903 2115 post
922 2075 998 2114 ἔτει,
1017 2075 1145 2114 reliqua
1164 2076 1285 2115 (usque
1302 2075 1343 2105 ad
1362 2076 1515 2113 Μηδείας)

189 2121 266 2154 post
282 2126 504 2155 personarum
521 2118 666 2149 indicem
688 2119 847 2157 leguntur
1004 2128 1040 2157 17
1065 2119 1257 2159 πυθιοδώρου
1279 2119 1375 2149 codd.
1393 2129 1399 2148 ε
1428 2128 1514 2150 corr.

189 2158 327 2190 Brunck
416 2160 609 2200 ὀλυμπιάδος
626 2161 652 2191 Ρ
669 2172 676 2191 :
700 2162 833 2201 ὀλυμπῖδ
854 2161 885 2192 Α
901 2172 908 2191 :
932 2161 1102 2200 ὀλυμπιάδι
1117 2161 1142 2191 F
1155 2161 1185 2191 D
1275 2161 1339 2193 ἔτει
1357 2161 1385 2193 α’
1398 2161 1514 2191 Nauck

187 2207 222 2233 et
239 2202 411 2243 Matthiae,
432 2208 501 2234 tum
523 2205 613 2234 enirn
636 2204 697 2234 fuit
714 2204 931 2243 pythodorus
953 2205 1079 2234 archon
1096 2217 1103 2235 :
1135 2209 1172 2235 ἓτ
1192 2204 1238 2235 F:
1269 2207 1300 2236 ῖδ
1318 2207 1357 2246 ε,ῖ
1371 2205 1401 2234 D
1418 2216 1424 2234 :
1456 2208 1473 2236 δ
1491 2219 1514 2245 ε,

186 2245 218 2275 Α
233 2256 239 2275 :
265 2256 328 2277 orn.
344 2246 370 2276 P
484 2257 525 2277 20
547 2249 687 2288 θερισταὶ
706 2247 851 2287 σάτυρος,
867 2252 902 2278 ut
919 2247 997 2286 vid.‚
1014 2248 1120 2286 codd.,
1138 2257 1222 2279 corr.
1242 2247 1431 2279 Kirchhoff.
1475 2247 1511 2277 In

188 2289 325 2328 reliquis
343 2288 527 2321 fabularum
541 2291 733 2321 nominibus
751 2290 994 2321 nominativum
1013 2300 1125 2321 casum
1143 2300 1204 2330 pro
1218 2291 1330 2321 dativo
1348 2291 1511 2330 praebent

187 2332 382 2372 plerumque
399 2334 495 2365 codd.
