1651 2780
588 111 935 148 ΕΥΡΙΠΙΔΟΥ

197 218 327 268 γῆρυς,
355 214 434 255 οὐδ’
462 215 540 255 ὅσα
566 217 720 265 Φοῖβος
744 213 1061 265 Ἀσκληπιάδαις
1087 213 1205 254 ἔδωκε
1360 226 1423 260 970

198 282 387 336 φάρμακα
410 282 652 324 πολυπόνοις
678 282 893 332 ἀντιτεμὼν
919 284 1139 334 βροτοῖσιν.

263 384 384 434 μόνας
409 382 441 423 δ’
467 382 545 422 οὔτ’
571 383 635 423 ἐπὶ
659 381 820 433 βωμοὺς
1325 377 1425 435 [ἀντ.

195 450 307 491 ἔστιν
332 450 420 490 οὔτε
445 448 594 501 βρέτας
619 451 709 491 θεᾶς

197 518 339 563 ἐλθεῖν,
368 516 412 556 οὐ
439 517 627 568 σφαγίων
652 515 774 557 κλύει.
1362 527 1426 560 975

261 582 313 635 μή
339 600 416 634 μοι,
445 583 598 630 πότνια,
625 583 767 635 μείζων

197 650 327 692 ἔλθοις
352 647 375 700 ἢ
401 649 446 690 τὸ
471 650 563 702 πρὶν
589 651 630 690 ἐν
655 651 745 705 βίῳ.

265 718 326 758 και
351 718 426 769 γὰρ
453 716 550 759 Ζεὺς
575 717 597 755 ὅ
622 734 658 757 τι
683 716 817 774 νεύσῃ,

264 784 337 824 σὺν
363 783 427 824 σοὶ
451 787 565 823 τοῦτο
592 784 769 838 τελευτᾷ.

199 851 261 892 καὶ
285 850 354 892 τὸν
381 851 420 891 ἐν
446 850 656 901 Χαλύβοις
682 849 864 901 ὃαμάζεις
890 850 940 890 σὺ
965 851 1037 904 βίᾳ
1064 850 1240 902 σίδαρον,
1363 855 1427 895 980

198 917 288 959 οὐδέ
311 934 369 960 τις
395 917 595 968 ἀποτόμου
620 916 794 968 λήματός
819 919 931 958 ἐστιν
957 917 1086 959 αἰδώς.

202 1020 262 1060 καὶ
289 1019 325 1059 σ’
353 1020 394 1060 ἐν
419 1019 635 1071 ἀφύκτοισι
659 1023 788 1072 χερῶν
814 1021 896 1060 εἷλε
921 1021 991 1060 θεὰ
1016 1022 1188 1071 δεσμοῖς.
1324 1015 1427 1072 [στρ.

201 1088 330 1138 τόλμα
356 1085 401 1127 δ’·
439 1086 484 1126 οὐ
507 1088 583 1139 γὰρ
608 1084 764 1136 ἀνάξεις
789 1084 876 1127 ποτ’
901 1086 1060 1138 ἔνερθεν
1365 1091 1428 1131 985

201 1154 350 1194 κλαίων
373 1152 464 1195 τοὺς
488 1152 703 1206 φθιμένους
727 1153 820 1194 ἄνω.

203 1221 264 1262 καὶ
290 1223 389 1262 θεῶν
415 1221 567 1261 σκότιοι
593 1221 779 1273 φθίνουσι

268 1291 405 1330 παῖδες
430 1288 471 1328 ἐν
497 1287 663 1342 θανάτῳ.
1368 1299 1431 1333 990

203 1357 304 1407 φίλα
327 1358 399 1406 μὲν
424 1354 479 1394 ὅτ’
507 1353 554 1404 ἦν
577 1354 663 1405 μεθ’
688 1354 810 1404 ἡμῶν,

204 1423 307 1474 φίλα
331 1424 372 1462 δὲ
397 1417 491 1462 ’Ϋκαὶ
519 1420 679 1462 θανοῦσ’
705 1416 858 1466 ἕσται,“Ϋ

203 1487 484 1541 γενναιοτάταν
508 1490 551 1529 δὲ
575 1491 708 1528 πασᾶν
736 1485 875 1537 ἐζεύξω
903 1487 1074 1528 κλισίαις
1098 1486 1260 1527 ἄκοιτιν.
1367 1500 1430 1533 994

203 1592 301 1640 μηδὲ
326 1593 471 1640 νεκρῶν
498 1589 549 1631 ὡς
574 1587 776 1640 φθιμένων
802 1590 916 1641 χῶμα
941 1586 1162 1637 νομιζέσθω
1328 1582 1429 1640 [ἀντ.

204 1657 355 1707 τύμβος
381 1658 455 1697 σᾶς
481 1656 643 1708 ἀλόχου,
672 1658 799 1695 θεοῖσι
823 1654 856 1694 δ’
882 1654 1026 1704 ὁμοίως

205 1722 395 1774 τιμάσθω,
426 1722 554 1772 σέβας
580 1722 771 1773 ἐμπόρων.

208 1790 275 1830 καί
294 1807 351 1831 τις
377 1789 544 1841 δοχμίαν
571 1788 754 1828 κέλευθον
1346 1800 1433 1822 1000

275 1857 471 1906 ἐκβαίνων
495 1855 575 1896 τόδ’
601 1857 690 1907 ἐρεῖ·

208 1925 315 1963 Αὕτα
340 1924 434 1964 ποτὲ
460 1921 644 1975 προύθαν’
671 1922 822 1973 ἀνδρός,

150 2027 215 2055 970
239 2016 336 2048 ἔδωκε
356 2015 556 2054 Musgravc:
582 2014 741 2056 παρέδωκε
765 2013 861 2045 codd.
993 2022 1143 2052 974ss975
1169 2012 1260 2045 ἔστιν
1276 2014 1350 2044 οὔτε
1368 2037 1375 2043 .
1395 2036 1403 2044 .
1423 2037 1430 2044 .

109 2063 214 2091 ἐλθεῖν
232 2059 272 2090 G.
292 2059 333 2090 A.
347 2059 525 2098 WVagner:
552 2061 657 2090 ἐλθεῖν
673 2059 746 2089 οὔτε
762 2080 769 2087 .
792 2082 799 2089 .
818 2082 825 2088 .
848 2057 939 2088 ἔστιν
956 2057 1053 2087 codd.
1187 2057 1249 2095 981
1277 2058 1311 2088 οὐ
1334 2057 1390 2098 βίᾳ
1409 2056 1434 2086 Ρ

108 2108 142 2134 et
166 2103 246 2144 7p.l
342 2103 471 2143 σίδηρον
498 2101 567 2132 VP
707 2102 770 2138 984
807 2100 838 2132 σ’
867 2102 900 2131 ἐν
926 2100 1020 2130 codd.
1048 2105 1081 2129 et
1105 2104 1149 2132 2:
1187 2098 1228 2131 σε’
1251 2099 1285 2140 ’γ’
1316 2098 1435 2129 Nauck

107 2147 172 2186 985
196 2146 304 2186 τόλμα
320 2146 345 2178 δ’
366 2147 392 2176 L
405 2147 430 2176 P
444 2157 450 2177 t
476 2145 584 2185 τόλμα
599 2145 668 2177 τάδ’
682 2145 712 2174 V
727 2155 733 2174 τ
757 2143 865 2183 τόλμα
881 2143 948 2175 τόδ’
967 2143 994 2173 Β
1099 2143 1163 2181 986
1187 2142 1392 2184 φθινομένους
1404 2143 1436 2173 V

108 2191 173 2229 989
204 2190 348 2230 φθίνουσι
368 2190 393 2219 L
407 2190 451 2221 P:
485 2189 666 2230 φθινύθουσι
682 2187 775 2218 VBl
923 2197 987 2226 992
1015 2191 1217 2225 corruptus:
1241 2186 1281 2217 cf.
1299 2197 1330 2216 v.
1352 2196 1434 2226 1003

109 2235 159 2265 καὶ
177 2244 242 2264 om.
262 2233 288 2263 Β
303 2233 332 2263 O
347 2233 376 2262 D
394 2239 426 2264 et
445 2233 558 2264 Haun.
681 2234 818 2263 θανοῦσα
833 2231 908 2262 sine
926 2230 1069 2261 elisione
1087 2231 1180 2260 solus
1199 2230 1226 2260 P
1342 2231 1436 2262 ἔσται

109 2277 139 2306 V
152 2277 178 2307 B
196 2289 202 2307 :
228 2277 320 2308 ἐστίν
337 2276 363 2306 L
377 2277 402 2307 P
514 2277 540 2308 δ’
560 2276 607 2308 ἔτι
625 2276 674 2308 καὶ
693 2278 831 2307 θανοῦσα
848 2275 980 2305 Barnes
997 2285 1040 2305 ex
1057 2273 1185 2304 Aldina
1206 2273 1258 2314 (δέ
1271 2288 1303 2306 τι
1320 2287 1349 2306 κ.
1369 2275 1412 2310 θ.)
1427 2283 1434 2304 :

110 2320 144 2352 δὲ
161 2319 288 2352 θανοῦσ’
303 2322 334 2352 ἐς
351 2320 400 2352 ἀεί
417 2319 536 2350 Nauck
682 2320 746 2358 998
771 2320 874 2358 ὅμοιος
892 2318 922 2348 V
1066 2328 1146 2349 1001
1175 2318 1333 2356 ἐκβαίνων
1351 2317 1377 2348 L
1389 2316 1436 2347 P:

112 2364 272 2404 ἐμβαίνων
287 2363 317 2393 V
330 2363 356 2393 Β
493 2373 575 2394 1002
599 2364 772 2404 προῦθανεν
788 2363 883 2392 codd.
