1651 2780
600 91 947 129 ΕΥΡΙΠΙΔΟΥ

103 198 172 235 Χο.
200 195 314 248 γύναι
341 195 489 248 γεραιά,
520 197 734 246 βασιλίδος
764 196 884 247 πιστὴ
910 200 1036 249 τροφὲ

202 263 387 314 Φαίδρας,
415 263 566 315 ὁρῶμεν
593 262 715 304 τάσδε
743 262 957 314 δυστήνους
983 264 1119 317 τύχας,

201 328 335 381 ἄσημα
361 329 392 369 δ’
417 330 509 381 ἡμῖν
534 329 618 380 ἥτις
646 329 756 370 ἐστὶν
783 330 805 381 ἡ
832 331 964 373 νόσος·

202 399 275 436 σοῦ
300 396 332 436 δ’
357 395 405 437 ἂν
430 396 625 437 πυθέσθαι
652 397 713 436 καὶ
742 398 873 438 κλύειν
898 397 1131 449 βουλοίμεθ’
1156 398 1216 439 ἄν.
1373 411 1437 443 270

98 466 170 515 Τρ.
201 462 269 503 οὐκ
294 462 366 503 οἶδ’
390 462 595 517 ἐλέγχους·
635 463 679 503 οὐ
705 465 779 515 γὰρ
807 463 987 505 ἐννέπειν
1015 464 1135 506 θέλει.

100 533 172 570 Χο.
199 529 278 570 οὐδ’
304 529 387 580 ἥτις
413 530 514 584 ἀρχὴ
540 533 664 571 τῶνδε
690 529 881 581 πημάτων
908 532 1004 584 ἕφυ;

98 600 168 650 Τρ.
202 598 241 638 ἐς
265 596 407 637 ταύτὸν
432 597 550 648 ἥκεις·
589 596 718 638 πάντα
743 599 818 650 γὰρ
845 603 943 654 σιγᾷ
966 597 1072 640 τάδε.

99 667 172 705 Χο.
199 663 250 706 ὡς
274 665 437 705 ἀσθενεῖ
458 681 501 705 τε
528 665 589 705 καὶ
616 663 851 715 κατέξανται
876 664 1007 716 δέμας.

97 734 168 783 Τρ.
201 735 283 774 πῶς
309 730 342 770 δ’
368 731 424 778 οὔ,
451 733 627 784 τριταίαν
652 731 688 785 γ’
716 732 802 772 offo-³
829 732 966 775 ἄσιτος
991 731 1159 785 ἡμέραν,·
1373 745 1434 778 275

99 801 171 839 Χο.
197 799 364 851 πότερον
388 798 453 840 ὑπ’
478 798 571 849 ἄτης
595 796 618 849 ἢ
645 801 778 840 θανεῖν
805 799 1046 852 πειρωμένη;

574 865 583 879 ‚
633 867 642 881 ‚
698 867 708 880 ³
760 866 769 880 ι

98 935 171 972 Χο.
198 932 428 983 θαυμαστὸν
454 933 578 978 εἶπας,
606 934 640 973 εἰ
665 932 747 973 τάδ’
775 932 932 985 ἐξαρκεῖ
955 934 1084 974 πόσει.

97 1001 169 1051 Τρ.
201 999 359 1050 κρύπτει
384 1000 459 1051 γὰρ
484 999 553 1049 ἥδε
578 1001 688 1050 πῆμα
715 1000 783 1040 κοῦ
809 1005 936 1052 φησιν
963 1003 1111 1041 νοσεῖν.

99 1068 170 1106 xo.
198 1065 218 1106 ὃ
243 1065 275 1106 δ’
302 1067 341 1108 ἐς
367 1065 581 1119 πρόσωπον
606 1066 651 1106 οὐ
675 1067 924 1118 τεκμαίρεται
949 1066 1138 1118 βλέπων,·
1371 1072 1435 1103 280

97 1136 181 1185 Τρ.-
202 1132 368 1184 ἔκδημος
394 1132 447 1174 ὣν
472 1135 548 1186 γὰρ
573 1135 693 1183 τῆσδε
719 1132 907 1187 τυγχάνει
933 1135 1091 1187 χθονός.

99 1203 171 1240 Χο.
199 1199 249 1240 σὺ
274 1200 307 1240 δ’
333 1200 401 1240 οὐκ
426 1199 601 1252 ἀνάγκην
627 1199 883 1252 προσφέρεις,
913 1200 1136 1253 πειρωμένη

199 1268 320 1308 νόσον
346 1266 542 1308 πυθέσθαι
566 1269 688 1317 τῆσδε
716 1268 777 1307 καὶ
804 1267 956 1308 πλάνον
985 1271 1162 1320 φρενῶν;

97 1337 168 1387 Τρ.
201 1335 240 1376 ἐς
265 1333 378 1375 πάντ’
404 1335 576 1386 ἀφῖγμαι
603 1334 738 1376 κούδὲν
765 1336 975 1388 εἴργασμαι
1002 1334 1140 1376 πλέον·

200 1401 245 1441 οὐ
268 1400 345 1452 μὴν
370 1400 506 1452 ἀνήσω
533 1401 569 1453 γ’
596 1402 684 1443 οὐδὲ
710 1405 778 1443 νῦν
804 1403 1032 1454 προθυμίας,
1376 1406 1436 1444 285

200 1468 250 1510 ὡς
275 1468 323 1508 ἂν
348 1472 530 1520 παροῦσα
556 1469 617 1509 καὶ
643 1469 696 1510 σύ
719 1486 786 1520 μοι
812 1468 1083 1526 ξυμμαρτυρῇς

199 1536 263 1575 οἵα
286 1534 444 1587 πέφυκα
469 1538 712 1589 δυστυχοῦσι
736 1537 960 1578 δεσπόταις.

266 1601 343 1654 ἄγ’,
371 1600 400 1641 ὦ
427 1603 527 1654 φίλη
554 1606 636 1648 παῖ,
663 1606 740 1642 τῶν
766 1602 929 1654 πάροιθε
954 1604 1027 1653 μὲν
1053 1603 1187 1655 λόγων

200 1667 398 1719 λαθώμεθ’
424 1668 556 1721 ἄμφω,
586 1670 647 1708 καὶ
674 1669 725 1708 σύ
750 1668 783 1707 θ’
809 1669 929 1719 ἡδίων
956 1673 1072 1722 γενοῦ

201 1735 375 1788 στυγνήν
400 1735 527 1787 ὀφρὺν
552 1735 716 1775 λύσασα
742 1736 803 1776 καὶ
828 1737 987 1788 γνώμης
1016 1737 1118 1781 ὁδόν,
1375 1748 1436 1781 290

201 1803 277 1855 ἐγώ
305 1802 338 1842 θ’
365 1802 441 1859 ὅπῃ
468 1818 534 1843 σοι
557 1802 609 1853 μὴ
637 1806 764 1845 καλῶς
791 1802 872 1843 τόθ’
901 1804 1067 1854 εἱπόμην

144 1897 206 1936 267
232 1901 310 1936 post
327 1896 428 1938 τροφέ
443 1896 655 1936 interpungit
676 1897 708 1926 M
872 1898 935 1928 268
959 1900 1060 1929 τᾶσδε
1078 1896 1235 1936 primitus
1252 1895 1284 1926 M
1303 1907 1309 1927 :
1334 1898 1435 1934 τῆσδε

101 1940 277 1971 Markland
419 1941 483 1979 269
507 1941 583 1980 ἡμῖν
601 1941 692 1972 ἐστὶν
709 1940 780 1978 ἥτις
800 1941 826 1970 L
964 1951 1023 1979 271
1051 1950 1122 1980 sqq.
1142 1950 1204 1979 pro
1221 1947 1314 1982 τροφ.
1335 1939 1435 1970 habet

100 1984 181 2025 θερά.
201 1984 245 2024 M,
260 1988 405 2023 excepto
419 1994 447 2015 v.
466 1994 530 2023 310
543 1984 598 2014 ubi
615 1991 706 2026 τροφ.
728 1986 834 2026 (τροφ,
853 1985 954 2015 etiam
968 1984 1015 2014 Kx
1123 1993 1183 2022 271
1205 1983 1366 2024 ἐλέγχους
1381 1983 1412 2013 V
1429 1994 1436 2013 ε

101 2027 277 2068 ἐλέγχουσ’
294 2027 325 2057 Α
338 2028 365 2057 Β
380 2028 406 2058 L
419 2028 478 2062 ΡΣ
494 2039 501 2058 :
534 2028 697 2060 ἐννέπουσ’
719 2027 752 2058 Μ
870 2037 933 2066 272
959 2027 1113 2066 δωμάτων
1131 2027 1163 2057 Μ
1181 2039 1187 2058 x
1212 2027 1370 2066 δειμάτων
1388 2025 1436 2055 M²

102 2073 160 2109 (πη
186 2072 218 2101 in
245 2081 307 2101 ras.
338 2070 393 2111 B¹)
537 2081 598 2110 273
634 2073 752 2103 τοῦτον
780 2070 811 2100 Κ
931 2070 1018 2108 ἥκεις
1044 2070 1173 2101 ALP:
1208 2073 1278 2109 ἥκει
1303 2070 1434 2102 MVK.

102 2115 290 2153 Utrumque
319 2118 342 2147 Σ
371 2118 405 2144 et
434 2114 461 2144 B
605 2123 667 2153 275
702 2114 849 2156 τριταίαν
875 2114 907 2154 ’γ’
940 2113 1112 2144 KLPB:
1145 2115 1291 2156 τριταίαν
1318 2114 1435 2145 MAV

100 2167 162 2196 277
182 2160 306 2196 θανεῖνς
326 2158 444 2196 scripsi
461 2169 468 2189 :
485 2160 602 2190 θανεῖν·
620 2158 719 2188 codd.
733 2158 804 2197 (οὐκ
818 2157 875 2189 οἶδ’
887 2157 1133 2196 Wilamowitz)
1214 2159 1245 2198 γ’
1261 2158 1408 2196 Purgold
1427 2169 1434 2188 :

100 2200 127 2232 δ’
146 2201 242 2232 codd.
381 2211 454 2240 279,
473 2201 538 2232 280
563 2201 653 2231 delet
671 2200 836 2232 Barthold
856 2235 860 2239 ¹
971 2202 1035 2231 280
1059 2202 1104 2232 ὅδ
1122 2200 1272 2240 plerique
1291 2201 1351 2240 (ex
1368 2200 1432 2233 οὐδ’

101 2254 185 2275 corr.
203 2244 243 2283 L)
337 2245 400 2283 283
423 2243 551 2283 πλάνην
563 2244 595 2274 Α
684 2245 748 2282 284
766 2242 858 2276 πάντ’
874 2243 904 2274 Κ
918 2243 949 2273 Α
964 2243 989 2273 L
1002 2243 1027 2273 P
1044 2255 1050 2274 :
1067 2247 1131 2276 πᾶν
1146 2243 1178 2274 Μ
1190 2244 1221 2274 V
1232 2243 1260 2274 B
1275 2245 1433 2283 (πολλοὺς

101 2287 236 2329 τρόπους
254 2287 397 2326 interpr.
416 2288 454 2328 Σ)
569 2289 632 2326 285
655 2301 706 2329 γρ.
724 2288 785 2326 τὴν
803 2288 883 2327 ἐμὴν
899 2288 1071 2328 προθυμίαν
1089 2291 1112 2320 Σ
1127 2287 1153 2317 Β
1273 2288 1335 2317 288
1361 2287 1429 2328 ἄγ’]

102 2332 176 2363 ἀλλ’
196 2330 260 2360 LP
425 2341 484 2370 291
516 2331 580 2371 ἐγώ
598 2331 623 2362 Θ’
641 2331 737 2362 codd.
759 2335 791 2360 et
810 2335 832 2363 Σ
849 2342 855 2360 :
884 2330 981 2372 &yn-57)
1001 2330 1176 2361 Blomfield
1197 2332 1338 2371 (puncto
1355 2336 1430 2370 post

103 2374 240 2412 λύσασα,
260 2384 328 2404 non
346 2378 422 2414 post
440 2375 523 2412 ὅδον,
544 2375 671 2414 posito)
