1683 2732
683 56 930 93 ΜΗΔΕΙΑ

249 156 421 207 οἶκήσετ’
447 157 522 197 αἰεὶ
545 156 689 209 μητρὸς
714 158 981 210 ἐστερημένοι·

248 224 325 275 ἐγὼ
351 223 383 262 δ’
409 225 448 265 ἐς
472 223 601 273 ἄλλην
625 227 742 275 γαῖαν
768 223 847 275 εἶμι
871 224 916 274 δὴ
943 225 1085 277 φυγάς,

247 290 337 342 πρὶν
363 293 479 343 σφῷν
504 288 672 329 ὄνάσθαι
699 291 876 331 κάπιδεῖν
901 291 1141 342 εὐδαίμονας,
1382 307 1465 339 1025

245 356 336 407 πρὶν
359 355 503 407 λέκτρα
527 355 590 395 καὶ
615 359 782 408 γυναῖκα
809 357 870 397 καὶ
895 359 1113 409 γαμηλίους

247 422 360 463 εὐνᾶς
385 422 531 473 ἆγῆλαι
554 422 764 472 λαμπάδας
789 422 822 462 τ’
849 424 1099 476 ἆνασχεθεῖν.

246 485 275 527 ὦ
301 487 545 528 δυστάλαινα
568 490 636 538 τῆς
663 491 757 539 ἐμῆς
782 489 979 531 αὖθαδίας.

246 553 379 596 ἄλλως
403 553 461 606 ἄρ’
486 555 595 605 ὑμᾶς,
622 553 652 595 ὦ
678 555 794 601 τέκν’,
822 554 1107 609 ἐξεθρεψάμην,

245 620 378 662 ἄλλως
402 619 434 660 δ’
461 621 654 673 ἐμόχθουν
684 622 744 661 καὶ
770 621 1008 673 κατεξάνθην
1033 624 1182 669 πόνοις,
1381 636 1465 667 1030

245 688 411 738 στερρὰς
434 687 636 739 ἐνεγκοῦσ’
663 689 704 728 ἐν
729 689 857 730 τόκοις
883 689 1117 741 ἀλγηδόνας.

244 752 268 803 ἦ
291 752 367 803 μήν
390 752 479 793 ποθ’
504 753 527 804 ἡ
553 754 748 804 δύστηνος
773 755 883 808 εἶχον
909 756 1073 797 ἐλπίδας

244 821 398 860 πολλὰς
422 821 464 860 ἐν
488 821 589 870 ὑμῖν,
617 820 939 873 γηροβοσκήσειν
964 821 997 861 τ’
1023 823 1091 873 ἐμὲ

245 886 306 926 καὶ
334 889 603 927 κατθανοῦσαν
629 888 770 940 χερσὶν
796 888 836 928 εὗ
862 892 1125 940 περιστελεΐν,

246 952 417 1003 ζηλωτὸν
443 953 699 1004 ἀνθρώποισι·
736 957 805 994 νῦν
830 954 862 994 δ’
886 956 1017 995 ὄλωλε
1041 954 1088 1005 δὴ
1378 967 1460 999 1035

242 1022 406 1071 γλυκεῖα
430 1020 606 1072 φροντίς.
679 1024 795 1074 σφῷν
820 1021 893 1073 γὰρ
919 1020 1158 1073 ἐστερημένη

242 1085 392 1137 λυπρὸν
416 1085 534 1136 διάξω
560 1087 700 1137 βίοτον
724 1087 912 1139 ἀλγεινόν
936 1087 968 1127 τ’
994 1089 1091 1138 ἐμοί.

242 1152 351 1202 ὑμεῖς
376 1154 418 1192 δὲ
441 1152 575 1204 μητέρ’
603 1152 728 1194 οὐκέτ’
754 1155 926 1204 ὄμμασιν
951 1155 1086 1206 φίλοις

244 1218 402 1270 ὄψεσθ’,
431 1220 470 1260 ἐς
495 1218 596 1259 ἄλλο
623 1219 746 1272 σχῆμ’
773 1219 1018 1263 ἀποστάντες
1041 1221 1147 1272 βίου.

309 1288 384 1336 φεῦ
410 1289 498 1337 φεῦ·
536 1286 577 1325 τί
598 1286 892 1338 προσδέρκεσθέ
915 1287 954 1338 μ’
981 1289 1168 1338 ὄμμασιν,
1194 1287 1330 1334 τέκνα;
1375 1302 1462 1333 1040

242 1351 283 1391 τί
303 1354 554 1403 προσγελᾶτε
578 1351 646 1392 τὸν
671 1353 920 1394 πανύστατον
945 1353 1094 1406 γέλων;

243 1419 337 1458 αἰαῖ·
373 1419 414 1458 τί
434 1417 587 1471 δράσω,·
627 1421 763 1470 καρδία
788 1421 863 1472 γὰρ
889 1421 1053 1473 οἴχεται,

242 1488 434 1537 γυναῖκες,
462 1487 567 1536 ὄμμα
593 1485 761 1538 φαιδρὸν
787 1486 837 1528 ὡς
862 1486 966 1527 εἶδον
990 1486 1150 1528 τέκνων.

241 1551 310 1591 οὐκ
334 1551 382 1591 ἂν
407 1552 609 1603 δυναίμην·
647 1552 816 1605 χαιρέτω
843 1554 1096 1605 βουλεύματα

242 1619 290 1657 τὰ
314 1619 501 1669 πρόσθεν·
540 1616 619 1668 ἄξω
646 1622 788 1661 παῖδας
811 1621 854 1660 ἐκ
878 1621 993 1672 γαίας
1018 1621 1145 1671 ἐμούς.
1376 1633 1461 1666 1045

242 1684 283 1724 τί
303 1687 364 1725 δεῖ
384 1702 433 1736 με
457 1685 606 1737 πατέρα
630 1689 755 1727 τῶνδε
780 1691 861 1728 τοῖς
885 1687 1032 1727 τούτων
1059 1691 1190 1728 κακοῖς

240 1755 445 1792 λυποῦσαν
471 1752 590 1803 αὐτὴν
618 1753 674 1794 δὶς
698 1754 798 1793 τόσα
827 1756 992 1794 κτᾶσθαι
1018 1754 1134 1800 κακά;

242 1818 287 1858 οὐ
311 1818 391 1868 δῆτ’
417 1818 556 1872 ἔγωγε.
625 1819 795 1873 χαιρέτω
821 1821 1088 1871 βουλεύματα.

309 1886 432 1925 καίτοι
457 1887 499 1926 τί
518 1885 683 1939 πάσχω;
721 1887 920 1937 βούλομαι
945 1886 1087 1939 γέλωτ’
1112 1887 1257 1939 ὀφλεῖν

240 1952 406 2005 ἐχθροὺς
428 1955 595 2003 μεθεῖσα
618 1953 708 1995 τοὺς
733 1954 848 2004 ἐμοὺς
874 1954 1074 2004 ἀζημίους;
1377 1966 1462 1996 1050

240 2018 458 2069 τολμητέον
481 2018 577 2060 τάδ’.
649 2021 756 2060 ἀλλὰ
780 2023 849 2071 τῆς
875 2022 969 2070 ἐμῆς
995 2019 1125 2070 κάκης,

188 2114 271 2142 1026
294 2112 415 2155 λέκτρα
426 2113 582 2153 πορσῦναί
593 2127 629 2145 τε
646 2113 766 2143 Kaibel
869 2123 949 2151 1027
976 2113 1055 2143 Post
1068 2113 1100 2143 h.
1115 2123 1143 2143 v.
1161 2112 1262 2142 unius
1272 2123 1302 2142 v.
1318 2113 1463 2152 spatium

142 2165 281 2185 vacuum
300 2156 332 2185 in
346 2157 376 2186 A
472 2167 555 2195 1030
572 2157 598 2188 δ’
614 2167 745 2187 erasum
759 2157 791 2186 in
808 2157 833 2187 L
921 2166 1001 2194 1035
1019 2154 1072 2195 δὴ]
1086 2157 1143 2194 δὴν
1156 2156 1186 2185 V
1275 2166 1356 2194 1037
1376 2156 1460 2196 ἐμοί]

143 2200 207 2239 ἐγώ
237 2199 391 2230 Schmidt
570 2210 654 2238 1040
685 2200 733 2240 μ’]
761 2201 809 2240 ἐμ]
835 2199 862 2229 Β
888 2201 987 2232 (corr.
1020 2199 1098 2239 BQ:
1131 2209 1194 2229 om.
1222 2199 1252 2228 V
1366 2199 1464 2230 τέκνα

145 2241 168 2271 L
182 2241 245 2271 PB
261 2253 268 2272 ε
293 2243 399 2283 φίλοις
416 2241 489 2273 AV
611 2253 693 2282 1043
717 2242 864 2284 φαιδρὸνἾ
883 2243 1021 2284 τερπνὸν
1039 2242 1066 2272 Β
1186 2243 1268 2281 1046
1290 2256 1328 2282 με
1347 2252 1411 2273 om.
1431 2242 1462 2272 A

146 2285 227 2323 1048
250 2299 301 2327 γρ.
321 2286 371 2317 καὶ
388 2285 547 2326 παύσομαι
565 2285 794 2326 βουλευμάτων
812 2290 834 2319 Σ
848 2286 874 2315 Β
