1651 2780
614 84 962 122 ΕΥΡΙΠΙΔΟΥ

220 188 300 230 οὐδ’
327 189 366 230 ἐς
392 188 608 241 πρόσωπον
636 187 807 238 Θησέως
832 186 1024 240 ἀφίξομαι
1389 197 1454 230 720

158 271 160 273 ·
219 257 403 309 αἰσχροῖς
428 254 490 296 ἐπ’
516 255 646 308 ἔργοις
671 255 810 295 οὕνεκα
832 256 969 308 ψυχῆς
992 256 1094 305 μιᾶς.

121 325 192 363 Χο.
219 322 382 374 μέλλεις
408 324 449 363 δὲ
475 322 521 373 δὴ
547 323 588 362 τί
609 324 705 374 δρᾶν
732 321 950 372 ἀνήκεστον
977 321 1115 367 κακόν;

121 391 365 447 Φακθανεῖν·
405 390 511 432 ὅπως
537 388 592 439 δέ,
618 388 722 429 τοῦτ’
748 389 826 441 ἐγὼ
851 389 1139 440 βουλεύσομαι.

122 460 194 498 Χο.
224 457 398 509 εὔφημος
423 458 521 497 ἴσθι.
661 459 739 496 Φα.
811 456 873 496 καὶ
899 456 949 497 σύ
974 455 1009 509 γ’
1037 455 1076 497 εὖ
1102 471 1152 507 με
1177 453 1364 496 νουθέτει.

224 525 299 577 ἐγὼ
326 526 366 565 δὲ
394 524 557 577 Κύπριν,
582 523 683 576 ἥπερ
710 522 901 574 ἐξόλλυσί
923 540 983 574 με,
1391 534 1454 565 725

221 594 356 645 ψυχῆς
383 592 695 645 ἀπαλλαχθεῖσα
719 591 801 648 τῇδ’
827 592 869 631 ἐν
893 589 1018 644 ἡμέρᾳ

222 659 372 711 τέρψω·
409 662 548 711 πικροῦ
574 658 606 700 δ’
633 659 775 711 ἔρωτος
799 657 1098 709 ἡσσηθήσομαι.

225 726 323 778 ἀτὰρ
348 726 466 767 κακόν
491 743 537 779 γε
561 726 715 781 χάτέρῳ
740 724 961 778 γενήσομαι

225 793 401 840 θανοῦσ’,
429 793 478 833 ἵν’
503 794 587 851 εἰδῇ
611 793 662 844 μὴ
690 792 745 834 ’πὶ
769 796 851 835 τοῖς
877 794 983 844 ἐμοῖς
1009 795 1141 834 κακοῖς

225 860 383 913 ὑψηλὸς
410 860 522 901 εῖναι·
560 862 628 911 τῆς
654 861 776 901 νόσου
801 861 842 900 δὲ
868 859 990 910 τῆσδέ
1015 876 1080 911 μοι
1389 868 1455 902 730

225 933 335 984 κοινῇ
359 927 575 980 μετασχὼν
601 930 827 980 σωφρονεῖν
851 925 1086 977 μαθήσεται.

124 1042 196 1079 Χο.
223 1037 465 1089 Ἠλιβάτοις
490 1037 564 1079 ὑπὸ
591 1041 789 1089 κευθμῶσι
814 1038 1014 1091 γενοίμαν,
1353 1031 1457 1089 [στρ.

228 1106 292 1147 ἵνα
316 1123 362 1157 με
389 1109 645 1158 πτεροῦσσαν
670 1107 780 1158 ὄρνιν
805 1104 977 1162 ἀγέλῃσι

295 1176 484 1214 ποταναῖς
510 1172 597 1215 θεὸς
622 1173 765 1223 ἐνθείη·
798 1205 822 1216 x

296 1240 455 1292 ἀρθείην
480 1239 512 1279 δ’
538 1240 602 1280 ἐπὶ
627 1240 788 1280 πόντιον
1395 1248 1458 1281 735

364 1310 463 1357 κῦμα
486 1309 555 1349 τᾶς
579 1306 787 1359 Ἀδριηνᾶς

297 1375 415 1415 ἀκτᾶς
439 1373 654 1425 Ἠριδανοῦ
680 1373 713 1413 θ’
738 1375 855 1426 ὕδωρ·

297 1441 391 1481 ἔνθα
414 1441 641 1493 πορφύρεον
666 1440 847 1481 σταλάσ-

298 1523 439 1547 σουσιν
464 1509 504 1549 ἐς
527 1507 643 1558 οἶδμα
667 1508 813 1561 πατρὸς
838 1506 976 1549 τάλαι-

298 1591 361 1615 ναι
388 1574 497 1626 κόραι
523 1573 749 1616 Φαέθοντος
775 1577 830 1615 οἵ-

366 1657 440 1695 κτῳ
467 1641 641 1693 δακρύων
1397 1651 1463 1684 740

297 1710 366 1750 τὰς
391 1707 676 1760 ἠλεκτροφαεῖς
701 1707 835 1760 αὐγάς.

232 1807 479 1860 Ἑσπερίδων
504 1807 536 1847 δ’
561 1808 626 1848 ἐπὶ
650 1808 910 1860 μηλόσπορον
935 1808 1058 1848 ἀκτὰν
1360 1801 1462 1858 [ἀντ.

234 1875 424 1926 ἀνύσαιμι
449 1877 520 1914 τᾶν
546 1875 701 1921 ἀοιδῶν,
732 1873 780 1914 ἵν’
807 1875 827 1913 ὁ
853 1891 992 1915 ποντο-

299 1942 428 1993 μέδων
452 1940 678 1994 πορφυρέας
702 1941 846 1992 λίμνας

178 2057 239 2086 723
263 2047 346 2079 ὅπως
363 2047 389 2078 δ’
407 2047 471 2087 ἐγὼ
488 2047 584 2077 τοῦτο
604 2045 629 2075 L
643 2045 669 2075 P
797 2054 858 2083 724
886 2044 1113 2075 Personarum
1131 2049 1234 2076 notae
1251 2053 1368 2075 erasae
1385 2043 1418 2074 in
1438 2044 1463 2074 L

135 2092 194 2130 728
224 2104 264 2131 γε
291 2089 428 2120 MAV:
460 2088 495 2121 δὲ
521 2089 626 2119 LPB
760 2088 888 2129 χὰτέρῳ
918 2087 1120 2122 LPBNE:
1157 2087 1278 2130 θατέρῳ
1307 2087 1464 2118 MAVO

135 2144 206 2173 733,
229 2144 289 2173 734
315 2135 384 2166 θεὸς
403 2135 436 2165 ἐν
452 2135 606 2165 ποταναῖς
623 2131 763 2174 ἀγέλῃσι
781 2132 847 2169 θείη
865 2132 964 2163 codd.
986 2131 1057 2171 (eiu)
1076 2136 1108 2162 et
1126 2131 1259 2172 ἀγέλαις
1279 2131 1439 2171 Dindors)
1456 2142 1462 2160 ε

134 2178 329 2216 transposui
348 2177 444 2208 metri
463 2186 563 2207 causa
662 2175 802 2218 ἀγέλῃσι
821 2174 853 2205 Μ
868 2175 894 2204 L
911 2186 917 2205 :
943 2174 1095 2216 ἀγέλαισι
1113 2175 1182 2206 rell.
1273 2177 1464 2207 ποταναῖσιν

135 2221 181 2252 L:
206 2234 258 2261 γρ.
276 2220 474 2260 ποτωμέναις
491 2221 504 2250 l
620 2221 682 2259 736
705 2222 788 2259 κῦμα
803 2219 854 2249 bis
872 2217 904 2248 M
917 2218 948 2248 A
1037 2221 1096 2257 τῆς
1114 2218 1145 2248 M
1275 2228 1335 2258 737
1361 2218 1464 2258 ἅλμας

133 2264 313 2295 Wecklein
482 2265 544 2303 738
569 2263 814 2296 σταλάσσουσιν
832 2272 950 2293 omnes
1112 2272 1176 2302 739
1197 2262 1346 2294 τάλαιναι
1363 2261 1414 2292 bis
1430 2261 1463 2291 M

136 2318 199 2347 740
223 2311 329 2349 κοῦραι
348 2307 380 2337 Μ
395 2307 466 2338 AV
578 2316 640 2347 742
666 2306 822 2348 ἑσπερίων
836 2305 868 2336 Μ
984 2315 1044 2345 743
1070 2307 1183 2338 ἀοιδῶν
1202 2305 1272 2337 Let
1286 2310 1329 2339 2:
1356 2306 1464 2337 ἀοιδᾶν

137 2351 205 2390 (vel
224 2352 311 2388 -δὰν)
330 2351 448 2390 reliqui
584 2360 658 2389 743,
678 2360 739 2389 744
766 2350 923 2381 Fortasse
941 2352 956 2381 ὁ
973 2350 1092 2382 πόντου
1107 2349 1210 2389 μέδων
