1651 2780
669 86 1015 124 ΕΥΡΙΠΙΔΟΥ

276 188 459 239 τιμωρόν,
489 189 522 228 εἰ
550 189 612 228 καὶ
636 188 758 239 μηδέν
785 191 908 235 ἐστιν,
936 189 1026 229 ἀλλ’
1052 190 1169 240 ὅμως.

277 255 425 294 ἐσθλοῦ
450 256 524 307 γὰρ
550 254 688 307 ἀνδρὸς
713 256 758 311 τῇ
786 256 871 311 δίκῃ
898 255 931 295 θ’
957 257 1165 308 ὑπηρετεῖν

276 322 339 361 καὶ
363 321 452 363 τοὺς
478 321 618 364 κακοὺς
643 325 738 374 δρᾶν
763 326 967 375 πανταχοῦ
992 327 1116 365 κακῶς
1142 324 1214 364 ἀεί.
1441 329 1504 369 845

175 390 246 427 Χο.
274 389 400 429 δεινόν
426 405 484 441 γε,
511 390 667 439 θνητοῖς
693 389 743 431 ὡς
768 388 921 430 ἅπαντα
947 391 1168 440 συμπίτνει,

277 455 339 495 καὶ
363 456 432 496 τῖις
458 454 630 508 ἀνάγκας
655 458 692 496 οἱ
717 456 831 507 νόμοι
855 457 1056 505 διώρισαν,

276 522 418 574 φίλους
443 521 617 564 τιθέντες
640 523 730 564 τούς
755 540 801 575 γε
828 521 1146 574 πολεμιωτάτους

276 588 441 641 ἐχθρούς
466 606 508 630 τε
531 588 620 631 τοὺς
646 589 736 641 πρὶν
763 589 936 640 εὐμενεῖς
962 590 1198 641 ποιούμενοι.

174 656 248 707 Αγ.
275 656 352 708 ἐγὼ
379 658 426 697 σὲ
452 657 515 696 καὶ
541 656 614 697 σὸν
640 659 761 697 παῖδα
785 658 848 697 καὶ
873 657 996 710 τύχας
1021 656 1151 703 σέθεν,
1441 662 1506 703 850

273 720 443 773 Ἑκάβη,
471 723 520 763 δι’
547 724 678 764 οἴκτου
708 721 822 777 χεῖρά
847 723 880 763 θ’
907 725 1060 764 ἱκεσίαν
1085 723 1179 777 ἔχω,

276 789 339 830 καὶ
363 790 562 841 βούλομαι
588 792 688 831 θεῶν
713 789 746 830 θ’
773 790 896 831 οὕνεκ’
923 791 1086 831 ἀνόσιον
1110 790 1225 841 ξένον

276 857 338 897 καὶ
362 859 430 896 τοῦ
456 857 607 897 δικαίου
631 855 747 907 τήνδε
775 874 841 897 σοι
865 860 998 898 δοῦναι
1026 858 1149 908 δίκην,

275 924 312 963 εἴ
333 940 413 965 πως
440 923 581 976 φανείη
608 923 645 975 γ’
671 923 776 964 ὥστε
802 925 869 964 σοί
891 924 924 964 τ’
950 924 1057 978 ἔχειν
1084 927 1227 972 καλῶς,

275 993 429 1045 στρατῷ
455 1007 497 1031 τε
520 989 572 1041 μὴ
599 988 754 1042 δόξαιμι
781 988 1018 1044 Κασάνδρας
1044 989 1160 1044 χάριν
1441 994 1504 1034 855

276 1058 437 1113 Θρῄκης
461 1056 600 1098 ἄνακτι
624 1058 737 1098 τόνδε
761 1060 985 1108 βουλεῦσαι
1010 1058 1150 1111 φόνον.

274 1123 385 1164 ἔστιν
410 1125 484 1176 γὰρ
507 1122 530 1181 ᾗ
552 1124 751 1177 ταραγμὸς
777 1124 1010 1176 ἐμπέπτωκέ
1033 1141 1110 1176 μοι·

272 1191 411 1232 -Τὸν
436 1190 557 1244 ἄνδρα
580 1195 719 1232 τοῦτον
745 1193 884 1244 φίλιον
907 1192 1061 1245 ἡγεῖται
1087 1194 1268 1244 στρατός,

274 1258 341 1298 τὸν
371 1259 614 1299 κατθανόντα
639 1258 671 1299 δ’
699 1259 856 1313 ἐχθρόν·
895 1261 928 1299 εἰ
953 1261 995 1300 δὲ
1020 1260 1085 1300 σοὶ
1111 1260 1229 1311 φίλος

272 1325 328 1365 ὅδ’
354 1327 452 1371 ἐστί,
480 1326 600 1378 χωρὶς
624 1329 738 1366 τοῦτο
765 1327 832 1367 κού
859 1326 988 1367 κοινὸν
1015 1330 1244 1381 στρατῷ.-
1439 1327 1502 1360 860

272 1392 367 1444 πρὸς
391 1396 512 1433 ταῦτα
537 1393 732 1446 φρόντιζ’·
771 1393 821 1435 ὡς
847 1393 1016 1434 θέλοντα
1038 1392 1110 1444 μέν
1134 1392 1173 1444 μ’
1200 1393 1305 1447 ἔχεις

273 1460 336 1499 σοὶ
362 1458 612 1510 ξυμπονῆσαι
637 1461 699 1501 καὶ
724 1460 848 1513 ταχὺν
874 1459 1159 1513 προσαρκέσαι,

272 1525 423 1577 βραδὺν
449 1526 495 1573 δ’,
523 1526 702 1580 Ἀχαιοῖς
729 1528 762 1568 εἰ
786 1526 1125 1579 διαβληθήσομαι.

173 1594 243 1632 Εκ.
270 1596 358 1644 φεῦ.

272 1659 340 1699 οὐκ
365 1659 452 1700 ἔστι
478 1662 629 1710 θνητῶν
654 1661 764 1701 ὅστις
789 1659 872 1700 ἔστ’
898 1660 1116 1712 ἐλεύθερος·

269 1723 292 1776 ἢ
318 1725 530 1779 χρημάτων
556 1728 630 1778 γὰρ
656 1727 794 1769 δοῦλός
821 1728 932 1767 ἐστιν
957 1724 980 1776 ἦ
1005 1726 1137 1780 τύχης,
1438 1727 1500 1769 865

271 1789 294 1842 ἢ
320 1795 472 1843 πλῆθος
497 1792 614 1834 αὐτὸν
640 1794 785 1835 πόλεος
809 1790 832 1844 ἢ
859 1794 989 1844 νόμων
1014 1794 1166 1846 γραφαὶ

271 1860 446 1912 εἴργουσι
469 1862 645 1913 χρῆσθαι
667 1860 720 1911 μὴ
747 1861 844 1900 κατὰ
867 1861 1027 1913 γνώμην
1052 1861 1223 1912 τρόποις.

270 1926 354 1966 ἐπεὶ
378 1928 420 1967 δὲ
444 1931 608 1978 ταρβεῖς
631 1931 684 1982 τῷ
710 1926 743 1966 τ’
769 1929 878 1982 ὄχλῳ
903 1926 1027 1967 πλέον
1053 1926 1195 1978 νέμεις,

273 1993 350 2045 ἐγώ
379 2010 426 2034 σε
452 1992 562 2044 θήσω
587 1994 690 2034 τοῦδ’
717 1994 924 2046 ἐλεύθερον
951 1994 1096 2046 φόβου.

211 2084 275 2123 849
299 2085 349 2126 τε]
370 2084 404 2116 δὲ
422 2085 569 2124 Blaydes
658 2086 722 2124 850
746 2086 850 2126 ἐγώγε
868 2086 917 2117 καὶ
938 2085 962 2115 L
976 2085 1002 2115 Ρ
1021 2085 1074 2126 (σὲ
1091 2085 1133 2125 Σ)
1222 2084 1286 2124 853
1310 2082 1403 2116 τόνδε
1421 2082 1448 2113 Ρ
1464 2086 1498 2113 et

169 2137 335 2166 suprascr.
366 2128 392 2158 L
417 2128 562 2160 sortasse
580 2135 671 2160 recte
695 2129 809 2170 (τήνδε
834 2133 872 2162 Σ»
1021 2130 1112 2167 δίκην
1131 2129 1156 2158 L
1171 2127 1231 2162 ΡΣ
1247 2133 1282 2158 et
1309 2136 1414 2166 marg.
1431 2125 1497 2156 A²:

167 2171 262 2212 χάριν
281 2171 312 2201 Μ
325 2171 356 2201 Α
370 2171 397 2201 Β
545 2173 607 2212 854
632 2173 766 2213 φανείην
781 2173 813 2213 ’γ’
831 2173 857 2202 L
872 2171 898 2202 P
912 2171 953 2202 Β2
967 2173 1096 2212 (φανείη
1114 2173 1152 2213 Σ)
1302 2171 1366 2210 858
1389 2169 1498 2210 φίλιον

171 2214 202 2243 Μ
217 2214 243 2244 Β
260 2226 266 2244 :
291 2215 388 2255 φίλον
407 2216 432 2245 L
447 2215 515 2246 PA
615 2218 679 2255 859
704 2217 730 2248 δ’
744 2217 811 2255 ἐμοὶ
831 2215 980 2254 Elmsley
1078 2217 1143 2246 860
1167 2217 1307 2256 στρατοῦ
1323 2222 1491 2253 suprascr.

170 2257 214 2287 Μ2
346 2260 408 2289 862
445 2260 484 2291 σὺ
511 2259 562 2290 Μ;
588 2272 638 2291 σοι
665 2259 711 2288 Μ2
842 2260 903 2296 864
941 2259 1031 2290 ἔστιν
1057 2259 1177 2301 ἀνδρῶν
1199 2258 1302 2289 Arist.
1333 2258 1434 2288 Rhet.
1462 2256 1494 2287 ii.

168 2311 206 2331 21
412 2303 474 2332 866
508 2305 611 2334 αὐτῶν
643 2303 667 2332 L
811 2301 932 2334 πόλεως
966 2303 1062 2333 codd.
1102 2301 1233 2342 (πόλεος
1267 2301 1309 2339 Ο,
1344 2306 1378 2331 ut
1410 2300 1494 2340 vid.)

167 2345 230 2375 868
255 2348 366 2377 πλεῖον
385 2345 410 2375 L
