1651 2780
612 77 957 115 ΕΎῬΙΠΙΔΟΎ

220 173 373 230 ταῦρος,
402 179 521 233 φόβῳ
547 179 742 231 τέτρωρον
767 181 962 230 ἐκμαίνων
987 182 1097 234 ὄχον·

219 246 253 285 εἰ
279 244 310 285 δ’
338 246 378 287 ἐς
403 245 547 298 πέτρας
574 246 759 298 φέροιντο
784 251 992 299 μαργῶσαι
1016 246 1176 300 φρένας,
1366 262 1450 294 ¹230

220 312 314 367 σιγῇ
342 311 524 362 πελάζων
551 312 689 366 ἄντυγι
714 312 917 364 ξυνείπετο

219 379 260 420 ἐς
284 378 388 418 τοῦθ’
415 379 487 421 ἕως
515 379 675 432 ἔσφηλε
702 381 990 434 κᾶνεχαίτισεν,

219 446 346 497 ἁψῖδα
370 445 499 500 πέτρῳ
528 448 780 498 προσβαλὼν
805 447 1015 500 ὀχήματος.

221 512 433 565 σύμφυρτα
457 512 490 552 δ’
518 511 565 562 ἦν
592 512 761 569 ἅπαντα·
800 513 987 565 σύριγγές
1011 513 1045 553 τ’
1070 513 1151 555 ἄνω

166 587 169 589 ’
220 571 373 631 τροχῶν
399 579 553 630 ἐπήδων
583 578 737 629 ἀξόνων
760 579 793 619 τ’
821 578 1005 630 ἐνήλατα.
1369 592 1450 624 1235

220 644 334 686 αὐτὸς
359 644 393 685 δ’
420 646 440 684 ὁ
464 645 628 696 τλήμων
654 646 829 697 ἡνίαισιν
854 646 1069 697 ἐμπλακεὶς

221 710 368 762 δεσμὸν
393 711 690 763 δυσεξήνυστον
718 713 875 753 ἕλκεται
899 713 1035 758 δεθείς,

223 777 490 829 σποδούμενος
514 781 587 829 μὲν
615 778 713 832 πρὸς
738 779 898 831 πέτραις
924 779 1046 830 φίλον
1072 778 1171 830 κάρα

222 844 374 895 θραύων
399 861 441 885 τε
467 845 631 897 σάρκας,
663 847 772 886 δεινὰ
797 845 830 885 δ’
857 844 1029 895 ἐξαυδῶν
1055 845 1199 885 κλύειν·

223 910 351 960 Στῆτ’,
379 908 408 950 ὦ
435 911 631 963 φάτναισι
657 916 743 953 ταῖς
764 913 875 962 ἐμαῖς
900 911 1178 963 τεθραμμέναι,
1370 924 1454 955 1240

222 975 274 1026 μή
298 977 338 1027 μ’
364 976 611 1030 ἐξαλείψητ’·
651 976 680 1018 ὦ
707 978 854 1030 πατρὸς
879 978 1033 1018 τάλαιν’
1059 978 1146 1030 ἆρά.

222 1044 279 1085 τίς
304 1043 411 1096 ἄνδρ’
438 1043 602 1096 ἄριστον
630 1045 825 1095 βούλεται
853 1049 984 1085 σῶσαι
1009 1045 1162 1097 παρών,·

289 1111 434 1152 πολλοὶ
460 1113 501 1152 δὲ
526 1111 798 1162 βουληθέντες
823 1111 976 1166 ὑστέρῳ
1001 1112 1091 1151 ποδὶ

224 1179 503 1229 ἐλειπόμεσθα.
577 1179 635 1231 χῶ
663 1180 735 1229 μὲν
761 1180 803 1219 ἐκ
829 1181 986 1229 δεσμῶν
1009 1178 1142 1220 λυθεὶς

223 1248 377 1295 τμητῶν
403 1244 574 1296 ἱμάντων
601 1245 646 1285 οὐ
673 1245 816 1285 κάτοιδ’
842 1246 918 1300 ὅτῳ
945 1246 1075 1300 τρόπῳ
1372 1258 1454 1290 1245

224 1312 369 1357 πίπτει,
396 1312 553 1364 βραχὺν
580 1312 626 1363 δὴ
655 1314 797 1363 βίοτον
824 1311 1003 1363 ἐμπνέων
1028 1312 1097 1352 ἔτι·

224 1379 336 1419 ἵπποι
360 1378 392 1418 δ’
419 1379 614 1430 ἕκρυφθεν
646 1379 708 1419 καὶ
733 1379 778 1419 τὸ
803 1379 999 1429 δύστηνον
1022 1378 1136 1431 τέρας

225 1445 365 1497 ταύρου
390 1446 556 1496 λεπαίας
584 1446 628 1485 οὐ
656 1445 802 1486 κάτοιδ’
828 1446 919 1486 ὅποι
944 1447 1098 1499 χθονός.

294 1515 434 1554 δοῦλος
456 1514 530 1563 μὲν
556 1513 622 1553 οὖν
651 1513 778 1565 ἔγωγε
806 1516 889 1553 σῶν
914 1513 1056 1563 δόμων,
1085 1511 1195 1564 ἄναξ,

226 1579 323 1630 ἀτὰρ
347 1580 539 1620 τοσοῦτόν
565 1579 602 1631 γ’
631 1580 675 1620 οὐ
703 1578 924 1630 δυνήσομαί
946 1596 1053 1625 ποτε,
1373 1590 1458 1622 1250

225 1645 294 1685 τὸν
320 1645 393 1686 σὸν
416 1645 604 1686 πιθέσθαι
624 1645 730 1687 παῖδ’
758 1646 864 1687 ὅπως
889 1646 1000 1686 ἐστὶν
1028 1646 1154 1688 κακός·

227 1712 308 1752 οὐδ’
335 1713 368 1752 εἰ
393 1716 586 1765 γυναικῶν
614 1715 693 1753 πᾶν
721 1713 958 1764 κρεμασθείη
984 1711 1111 1765 γένος,

229 1779 292 1819 καὶ
315 1778 386 1829 τὴν
412 1780 453 1819 ἐν
473 1778 559 1836 Ἴδῃ
587 1778 829 1832 γραμμάτων
854 1778 1025 1830 πλήσειέ
1049 1796 1108 1821 τις

174 1882 257 1911 1230
296 1873 336 1904 ὡς
367 1872 394 1903 δ’
425 1871 457 1901 Α
593 1871 713 1914 πέτραν
744 1873 775 1903 Α
791 1873 821 1904 O
836 1884 856 1904 v
1046 1883 1127 1913 1232
1167 1873 1400 1914 κάναχαίτισεν
1431 1874 1458 1904 L

132 1926 214 1954 1233
238 1916 339 1957 πέτρᾳ
355 1915 534 1946 Wecklein
659 1926 739 1956 1234
766 1917 847 1947 Post
865 1917 955 1948 hunc
971 1927 1106 1948 versum
1125 1917 1238 1947 deficit
1256 1916 1303 1955 M,
1320 1916 1459 1956 saepius

128 1960 230 1998 igitur
247 1959 415 1989 notandus
433 1959 463 1989 O
606 1970 687 1999 1237
714 1961 952 2001 δυσεξήνυστον
971 1961 1085 1991 Heath
1100 1973 1105 1992 z
1130 1960 1343 2001 δυσεξήνυτον
1360 1961 1457 1992 codd.

131 2006 185 2043 (j),
207 2003 398 2043 δυσεξῖωτον
415 2008 450 2034 ut
468 2004 534 2034 vid.
559 2004 599 2045 P)
744 2007 826 2043 1238
860 2006 1063 2045 σποδώμενος
1082 2005 1108 2035 L
1127 2004 1174 2045 (et
1192 2004 1256 2045 1³3)
1275 2015 1282 2034 ε
1315 2013 1400 2035 corr.
1423 2004 1460 2035 L²

129 2046 245 2088 πέτρας
262 2047 293 2076 V
305 2047 331 2076 L
343 2046 369 2076 P
381 2046 411 2075 N
548 2058 631 2088 1239
654 2062 691 2081 τε
708 2048 861 2088 Elmsley
877 2060 884 2079 t
909 2048 943 2081 δὲ
960 2049 1056 2079 codd.
1149 2047 1252 2090 σάρκα
1263 2048 1295 2078 V
1310 2060 1317 2079 z
1340 2058 1425 2079 corr.
1442 2059 1462 2078 v

133 2100 216 2128 1240
239 2090 435 2132 τεθραυμένα
450 2091 502 2122 V:
529 2103 614 2123 corr.
637 2103 656 2123 v
828 2102 908 2131 1245
934 2093 998 2133 ὅτῳ
1014 2096 1060 2133 τῷ
1076 2091 1184 2132 τρόπῳ
1202 2092 1228 2122 L
1247 2092 1296 2131 (οὐ
1313 2094 1462 2124 κατεῖδον

131 2133 154 2173 ᾧ
166 2133 349 2164 Wecklein
367 2146 410 2165 ex
431 2136 545 2167 Haun.
567 2136 687 2169 κων-εἶδ’
702 2147 708 2167 :
734 2136 845 2167 malim
863 2135 968 2168 οὐκέτ’
986 2137 1070 2168 εἶδον
1087 2135 1124 2177 ᾧ)
1247 2136 1330 2174 1246
1353 2135 1407 2175 δὴ]
1426 2134 1461 2167 δὲ

133 2177 179 2206 L:
205 2188 267 2209 om.
284 2178 311 2208 B
325 2178 351 2208 P
366 2181 419 2218 (δὴ
434 2179 491 2219 Βῖ)
584 2190 665 2219 1247
690 2179 783 2219 τέρας
796 2180 901 2210 AVN
915 2179 965 2211 O:
992 2179 1072 2221 κάρα
1085 2179 1112 2209 Ι.
1124 2179 1150 2210 Ρ
1163 2179 1191 2210 Β
1284 2179 1366 2217 1248
1391 2179 1460 2211 ὅποι

133 2221 163 2251 O
188 2226 222 2252 et
251 2222 394 2254 fortasse
422 2224 447 2253 L
473 2228 506 2254 et
532 2224 583 2254 B:
619 2225 681 2262 ὅπη
705 2223 757 2254 V:
794 2225 873 2255 ὅπου
896 2223 927 2254 Α
951 2227 985 2254 et
1013 2223 1038 2253 L
1061 2228 1118 2255 aut
1144 2222 1290 2253 L²ND:
1327 2223 1409 2255 ὅπως
1435 2221 1461 2252 Ρ

136 2274 219 2303 1250
248 2267 280 2306 ’γ’
307 2266 441 2298 ABO:
477 2277 592 2298 rasura
616 2267 649 2297 in
678 2267 721 2297 L:
754 2277 819 2297 om.
846 2266 957 2297 VPN
1133 2276 1211 2306 1251
1246 2267 1284 2298 τὸ
1309 2267 1368 2298 σὸν
1390 2264 1461 2295 ΑΒ

137 2319 226 2348 1253,
251 2319 331 2348 1254
356 2311 413 2343 τὰς
432 2334 437 2341 .
458 2335 462 2340 .
486 2335 491 2340 .
513 2310 629 2343 πεύκας
647 2310 688 2340 Β2
705 2321 748 2341 ex
764 2314 788 2344 Σ
804 2310 847 2342 τὰ
863 2309 943 2351 ξύλα
