1651 2780
627 92 972 131 ΕΥΡΙΠΙΔΟΥ

233 199 382 240 παίδων
407 198 599 250 πρίασθαι
625 197 794 249 σπέρμα,
823 199 891 236 τοῦ
916 194 1131 247 τιμήματος

233 269 302 317 τῆς
326 265 437 317 ἀξίας
463 266 646 311 ἕκαστον,
676 265 718 305 ἐν
743 266 784 305 δὲ
810 264 988 314 δώμασιν

235 334 357 373 ναίειν
385 331 630 384 ἐλευθέροισι
657 334 826 382 θηλειῶν
852 330 956 382 ἄτερ.

234 396 316 449 [νῦν
341 399 374 439 δ’
401 401 440 441 ἐς
460 399 600 450 δόμους
627 400 698 449 μὲν
724 401 880 450 πρῶτον
906 394 1074 446 ἄξεσθαι
1099 394 1218 437 κακὸν
1397 397 1460 438 625

233 465 452 516 μέλλοντες
477 468 606 517 ὄλβον
632 464 822 516 δωμάτων
848 460 1085 515 ἐκπίνομεν.]

234 533 357 587 τούτῳ
384 535 424 573 δὲ
452 535 573 583 δῆλον
599 532 650 574 ὡς
675 531 771 584 γυνὴ
799 530 916 572 κακὸν
939 530 1055 583 μέγα·

235 599 422 652 προσθεὶς
447 601 522 652 γὰρ
549 600 568 638 ὁ
594 600 759 651 σπείρας
785 616 827 639 τε
855 598 916 639 καὶ
943 596 1095 650 θρέψας
1120 595 1247 649 πατὴρ

235 668 385 718 φερνὰς
410 664 593 721 ἇπῴκισ’,
624 666 675 707 ὡς
701 665 942 721 ἀπαλλαχθῇ
971 667 1101 705 κακοῦ.

235 734 255 772 ὁ
281 733 313 772 δ’
340 733 386 774 αὖ
410 734 552 784 λαβὼν
578 732 722 785 ἀτηρὸν
747 734 786 775 ἐς
812 733 953 782 δόμους
979 731 1104 784 φυτὸν
1396 732 1462 772 630

237 799 382 851 γέγηθε
408 795 558 850 κόσμον
585 800 815 851 προστιθεὶς
840 798 1040 850 ἀγάλματι

237 866 358 906 καλὸν
385 867 555 920 κακίστῳ
583 867 645 907 καὶ
670 865 885 906 πέπλοισιν
911 867 1069 906 ἐκπονεῖ

235 933 440 982 δύστηνος,
467 934 597 983 ὄλβον
622 932 811 983 δωμάτων
835 931 1051 982 ὑπεξελών.

237 995 334 1052 [ἔχει
360 999 392 1040 δ’
420 998 609 1051 ἀνάγκην,
638 1000 742 1039 ὥστε
769 998 961 1049 κηδεύσας
989 1001 1123 1040 καλοῖς

235 1069 456 1118 γαμβροῖσι
480 1066 631 1120 χαίρων
658 1063 824 1121 σῴζεται
849 1064 986 1117 πικρὸν
1010 1063 1144 1118 λέχος,
1400 1066 1459 1108 635

235 1129 258 1182 ἢ
283 1134 439 1186 χρηστὰ
463 1132 622 1185 λέκτρα,
650 1132 860 1185 πενθεροὺς
885 1131 917 1172 δ’
942 1132 1166 1184 ἀνωφελεῖς

236 1201 377 1250 λαβὼν
403 1199 526 1250 πιέζει
550 1201 711 1254 τάγαθῷ
737 1199 782 1240 τὸ
806 1196 1026 1252 δυστυχές.]

234 1266 385 1321 ῥᾷστον
410 1266 442 1306 δ’
468 1267 544 1322 ὅτῳ
570 1266 614 1307 τὸ
638 1266 772 1318 μηδέν,
800 1265 891 1306 ἀλλ’
917 1264 1129 1319 ἀνωφελὴς

236 1333 374 1387 εὐηθίᾳ
399 1333 482 1374 κατ’
509 1333 617 1374 οἶκον
643 1335 793 1386 ἵδρυται
817 1331 927 1385 γυνή.

237 1399 372 1452 σοφὴν
397 1402 439 1441 δὲ
464 1404 581 1451 μισῶ·
620 1399 672 1451 μὴ
698 1402 774 1453 γὰρ
799 1400 840 1441 ἔν
865 1399 903 1452 γ’
928 1401 1036 1451 ἐμοῖς
1061 1399 1194 1451 δόμοις
1400 1401 1466 1442 640

237 1468 294 1517 εἵη
322 1471 530 1519 φρονοῦσα
554 1467 707 1508 πλείον’
734 1464 757 1518 ἢ
783 1470 949 1520 γυναῖκα
972 1465 1062 1520 χρή.

237 1533 280 1573 τὸ
306 1535 380 1585 γὰρ
408 1537 622 1586 κακοῦργον
647 1537 804 1585 μᾶλλον
831 1535 996 1575 ἐντίκτει
1022 1533 1170 1585 Κύπρις

238 1601 280 1640 ἐν
304 1603 387 1642 ταῖς
413 1604 621 1653 σοφαῖσιν·
659 1601 681 1651 ἡ
708 1600 741 1641 δ’
769 1599 971 1653 ἀμήχανος
996 1599 1094 1651 γυνὴ

237 1667 373 1723 γνώμῃ
398 1668 574 1721 βραχείᾳ
598 1667 745 1719 μωρίαν
771 1666 964 1722 ἀφῃρέθη-

236 1735 338 1786 χρῆν
363 1732 396 1773 δ’
422 1735 461 1775 ἐς
486 1737 651 1785 γυναῖκα
676 1734 908 1785 πρόσπολον
933 1735 1004 1783 μὲν
1030 1732 1075 1773 οὐ
1099 1735 1234 1784 περᾶν,
1401 1736 1464 1776 645

179 1827 329 1866 625-637
357 1826 557 1857 deleverunt
570 1825 626 1857 alii
643 1826 750 1858 alios:
774 1826 919 1866 suspitio
933 1826 1014 1857 mihi
1028 1831 1079 1857 est
1091 1826 1241 1865 634-637
1255 1829 1288 1856 et
1300 1826 1466 1865 625-626,

137 1875 171 1901 et
208 1870 353 1901 fortasse
386 1870 501 1910 plures
532 1881 586 1901 vv.
620 1880 662 1900 ex
696 1870 866 1910 Euripidis
899 1869 1074 1909 Meleagro
1105 1870 1169 1900 huc
1202 1869 1356 1900 invectos
1389 1879 1466 1900 esse

136 1915 200 1952 625
234 1924 282 1953 sq.
319 1914 442 1944 delevit
474 1913 592 1945 Nauck
771 1915 902 1954 ἅξασθαι
935 1913 1032 1944 MB:
1072 1915 1219 1953 αὔξεσθαι
1250 1913 1405 1953 primitus
1435 1912 1467 1943 V

136 1959 202 1987 626
234 1957 405 1997 ἐκπίνομεν
430 1957 593 1988 Pierson:
628 1957 797 1997 ἐκτίνομεν
821 1962 939 1988 contra
963 1961 1060 1988 metr.
1085 1956 1156 1986 AB
1172 1956 1247 1987 Lv:
1282 1956 1466 1996 ἐκτείνομεν

138 2000 170 2030 Μ
185 2000 210 2030 P
222 2001 252 2030 N
412 2001 477 2031 628
501 1999 678 2043 κάκθρέψας
696 2001 723 2031 Β
745 2001 862 2040 (τεκὼν
877 2002 928 2032 καὶ
946 2000 1120 2041 ἀναθρέψας
1138 2002 1177 2040 Σ)
1332 2000 1399 2039 630
1422 2000 1466 2032 εἷς

137 2043 251 2083 δόμους
268 2045 386 2086 ἀτηρὸν
404 2044 437 2074 Μ
528 2045 630 2085 φυτὸν
648 2044 680 2074 Μ
691 2044 722 2074 Α
735 2045 761 2074 Β
773 2055 792 2074 v
806 2055 812 2074 z
837 2045 934 2076 κακὸν
952 2044 978 2074 L
989 2044 1015 2074 P
1026 2044 1056 2074 V
1071 2055 1077 2073 :
1100 2056 1151 2084 γρ.
1173 2044 1293 2084 ἀτηρὸν
1309 2045 1344 2075 ἐν
1360 2042 1466 2083 δόμοις

138 2087 236 2119 κακόν
249 2092 273 2121 Σ
285 2088 317 2118 Μ
417 2089 482 2128 633
500 2088 602 2125 ὄλβου
614 2088 640 2118 Ρ
708 2088 852 2118 sortasse
870 2089 1033 2128 ὑπεξελῶν
1130 2088 1280 2126 634-637
1297 2085 1466 2117 Videntur

138 2131 180 2161 de
205 2135 299 2162 certa
323 2132 466 2171 quadam
492 2142 578 2162 nuru
603 2131 668 2162 dici
694 2141 768 2162 cum
794 2130 951 2161 fratribus
975 2131 1046 2161 suis
1070 2131 1311 2161 discordante:
1341 2129 1466 2161 delevit

139 2173 295 2205 Willems
427 2177 491 2214 634
516 2178 622 2208 καλῶς
642 2174 823 2205 Kirchhoff
943 2175 1006 2213 635
1030 2177 1178 2215 γαυροῖσι
1194 2173 1225 2204 V
1349 2174 1414 2212 636
1437 2173 1465 2205 δ’

137 2227 201 2248 om.
221 2217 253 2248 A
399 2220 464 2259 638
488 2221 566 2261 ῥᾷον
582 2218 725 2249 fortasse
741 2222 766 2251 Σ
784 2222 832 2255 (et
851 2217 982 2257 Haun.)
1129 2219 1204 2257 640,
1222 2218 1284 2256 641
1312 2216 1465 2248 Nauckio

137 2261 287 2300 suspecti
390 2263 451 2300 641
478 2264 591 2294 πλεῖον
608 2262 705 2292 codd.
726 2261 863 2302 (πλείον’
881 2265 1050 2292 corrector
1066 2259 1199 2302 Haun.)
1285 2260 1350 2302 χρή
1369 2259 1443 2290 MA
1458 2270 1466 2290 ι

139 2305 223 2346 χρῆν
239 2304 270 2333 V
281 2304 308 2335 B
323 2304 388 2336 LP
532 2305 596 2343 642
621 2307 800 2346 πανοῦργον
817 2303 843 2334 L
856 2303 882 2334 P
898 2317 948 2345 γρ.
968 2303 999 2334 V
1141 2305 1218 2343 643,
1234 2304 1298 2343 644
1322 2303 1465 2334 omissos

140 2348 173 2377 in
190 2348 342 2386 margine
359 2348 433 2379 add.
453 2348 490 2379 L.
530 2348 580 2379 Cf.
598 2348 663 2386 649
765 2348 829 2386 645
853 2346 977 2389 χρῆνν
990 2347 1015 2377 L
1029 2347 1109 2381 1³2:
1135 2348 1200 2389 χρὴ
1220 2347 1252 2378 Μ
1264 2346 1334 2378 ΑΒ
1409 2359 1463 2387 γυ·

141 2393 232 2423 ναῑκα
248 2391 280 2421 Μ
293 2391 324 2421 A
338 2405 344 2423 ε
369 2394 521 2432 γυναῖκας
537 2390 568 2421 V
580 2391 606 2421 L
618 2390 644 2420 P
656 2391 683 2420 B
