1683 2732
620 93 1015 131 ANAPOMAXH

162 203 400 234 EPMIONH

262 263 412 313 κόσμον
435 265 507 313 μὲν
532 263 634 314 ἀμφὶ
660 262 768 314 κρατὶ
793 260 967 314 χρυσέας
988 263 1129 314 χλιδῆς

261 329 438 379 στολμόν
462 346 504 369 τε
531 328 681 382 χρωτὸς
705 329 818 369 τόνδε
843 329 1032 369 ποικίλων
1058 326 1223 368 πέπλων

260 396 305 436 οὐ
328 399 405 435 τῶν
430 394 652 448 Ἀχιλλέως
677 395 766 436 οὐδὲ
791 393 960 444 Πηλέως
984 393 1062 435 ἄπο

259 462 389 512 δόμων
413 462 593 515 ἀπαρχὰς
618 460 717 514 δεῦρ’
742 460 877 515 ἕχουσ’
902 461 1116 513 ἀφικόμην,
1423 474 1486 507 150

260 527 354 568 ἀλλ’
380 529 420 568 ἐκ
447 529 646 579 Λακαίνης
671 527 954 579 Σπαρτιάτιδος
977 526 1122 580 χθονὸς

262 594 470 637 Μενέλαος
495 595 586 646 ἡμῖν
610 598 732 635 ταῦτα
756 598 935 646 δωρεῖται
959 593 1086 646 πατὴρ

261 665 428 703 πολλοῖς
455 661 527 702 σὺν
554 662 693 708 ἕδνοις,
721 660 815 702 ὥστ’
844 663 1207 713 ἐλευθεροστομεῖν.

260 728 358 778 ὑμᾶς
383 730 455 779 μὲν
481 728 548 768 οὖν
571 727 698 768 τοῖσδ’
724 728 1011 778 ἀνταμείβομαι
1037 728 1186 778 λόγοις·

328 793 378 835 σὺ
403 793 436 834 δ’
461 794 562 834 οῧσα
587 794 707 844 δούλη
735 795 797 835 καὶ
823 795 1047 845 δορίκτητος
1070 793 1167 846 γυνὴ
1424 807 1484 837 155

261 861 402 911 δόμους
428 865 642 915 κατασχεῖν
667 860 884 912 ἐκβαλοῦσ’
908 861 1009 911 ἡμᾶς
1035 859 1163 901 θέλεις

260 927 414 974 τούσδε,
443 932 659 980 στυγοῦμαι
684 927 716 968 δ’
741 928 853 980 ἀνδρὶ
879 926 1124 980 φαρμάκοισι
1149 929 1250 972 σοῖς,

261 994 376 1045 νηδὺς
401 994 434 1034 δ’
461 995 618 1045 ἀκύμων
643 996 706 1035 διὰ
731 994 780 1035 σέ
803 1011 869 1045 μοι
894 994 1110 1034 διόλλυται·

262 1060 367 1111 δεινὴ
393 1061 700 1113 γὰρ”ἠπειρῶτις
725 1063 780 1103 εἰς
803 1063 852 1102 τὰ
875 1059 1007 1102 τοιάδε

261 1127 372 1181 ψυχὴ
398 1132 605 1179 γυναικῶν·
642 1129 696 1169 ὧν
722 1126 933 1180 ἐπισχήσω
960 1126 999 1165 σ’
1026 1126 1116 1179 ἐγώ,
1426 1130 1486 1162 160

262 1192 397 1234 κούδέν
423 1193 462 1233 σ’
487 1194 624 1246 ὀνήσει
649 1197 759 1246 δῶμα
783 1195 965 1250 Νηρῇδος
989 1194 1091 1239 τόδε,

262 1261 306 1300 οὐ
330 1260 467 1312 βωμὸς
491 1261 579 1302 οὐδὲ
604 1262 708 1308 ναός,
736 1261 842 1302 ἀλλὰ
869 1263 1052 1317 κατθανῇ.

260 1323 308 1377 ἢν
333 1327 365 1367 δ’
390 1327 458 1368 οὖν
482 1331 640 1379 βροτῶν
664 1328 722 1371 τίς
749 1327 787 1366 σ’
811 1324 834 1377 ἢ
861 1330 960 1368 θεῶν
985 1330 1117 1381 σῷσαι
1140 1324 1253 1384 θέλῃ,

261 1396 322 1434 δεῖ
345 1393 382 1448 ‘T'
402 1394 487 1434 ἀντὶ
512 1398 588 1435 τῶν
613 1396 703 1447 πρὶν
728 1395 881 1445 ὀλβίων
907 1393 1171 1446 φρονημάτων

261 1460 403 1511 πτῆξαι
427 1461 614 1511 ταπεινὴν
640 1464 887 1513 προσπεσεῖν
911 1459 945 1500 τ’
970 1459 1064 1510 ἐμὸν
1090 1460 1197 1511 γόνυ,
1425 1464 1484 1504 165

261 1528 412 1580 σαίρειν
436 1544 480 1568 τε
504 1531 614 1578 δῶμα
637 1527 780 1578 τούμὸν
806 1529 847 1567 ἐκ
871 1525 1134 1580 χρυσηλάτων

260 1593 432 1647 τευχέων
455 1594 542 1648 χερὶ
568 1595 812 1646 σπείρουσαν
837 1591 1038 1648 Ἀχελῴου
1062 1593 1220 1644 δρόσον,

260 1662 411 1711 γνῶναί
431 1660 464 1700 θ’
490 1661 538 1701 ἵν’
565 1661 603 1702 εῖ
621 1663 706 1713 γῆς.
778 1661 822 1702 οὐ
846 1659 920 1713 γάρ
948 1659 1032 1700 ἐσθ’
1050 1657 1211 1711 ΓΈκτωρ
1236 1658 1340 1705 τάδε,

260 1726 305 1767 οὐ
329 1728 508 1779 Πρίαμος
534 1727 623 1768 οὐδὲ
647 1728 808 1781 χρυσός,
837 1725 927 1767 ἀλλ’
951 1725 1101 1767 Ἑλλὰς
1127 1726 1255 1768 πόλις.

259 1794 314 1835 εἰς
337 1797 452 1834 τοῦτο
477 1793 509 1834 δ’
533 1794 639 1845 ἥκεις
664 1795 844 1845 ἀμαθίας,
872 1793 1040 1843 δύστηνε
1066 1792 1129 1840 σύ,
1422 1804 1482 1835 ¹70

257 1858 281 1909 ἢ
306 1861 415 1901 παιδὶ
441 1861 599 1912 πατρός,
628 1860 671 1902 ὂς
696 1860 770 1901 σὸν
796 1861 950 1901 ὤλεσεν
973 1859 1106 1905 πόσιν,

257 1927 406 1982 τολμᾷς
431 1925 627 1977 ξυνεύδειν
654 1927 715 1968 καὶ
740 1926 842 1968 τέκν’
869 1925 1055 1967 αὐθέντου
1079 1925 1185 1978 πάρα

256 1994 414 2034 τίκτειν.
484 1997 659 2034 τοιοῦτον
684 1996 761 2035 πᾶν
786 1993 831 2034 τὸ
855 1993 1067 2046 βάρβαρον
1091 1991 1218 2044 γένος·

203 2085 264 2122 148
299 2084 422 2116 στόλον
453 2084 518 2115 LB
652 2088 752 2118 τῶνδε
783 2085 893 2116 AVP
1072 2092 1129 2121 151
1168 2083 1244 2115 ἀλλ’
1274 2084 1330 2114 οὑκ
1363 2081 1480 2113 Nauck

158 2137 217 2167 154
241 2128 388 2159 τοῖσδ’.Ι.
407 2136 491 2167 <gnon
509 2129 533 2166 l)
549 2141 554 2160 :
579 2130 711 2161 τοιοῖσδ’
729 2129 800 2161 rell.
821 2129 1007 2167 (ἀμείβομαι
1025 2127 1052 2157 Ρ
1064 2126 1112 2163 Ο)
1249 2135 1310 2165 159
1335 2125 1480 2156 sortasse

155 2172 324 2213 ἡπειρῶτις
427 2173 488 2202 160
510 2173 598 2213 ψυχὴ
616 2173 716 2203 etiam
734 2177 767 2211 Σ,
784 2172 818 2202 ni
836 2172 932 2202 fallor
948 2183 954 2201 :
978 2171 1067 2211 ψύχη
1080 2169 1211 2200 Verrall
1317 2170 1376 2208 163
1402 2172 1480 2201 θεῶν

154 2228 203 2247 τις
221 2215 251 2247 σ’
265 2216 284 2253 ἢ
302 2217 427 2256 βροτῶν
445 2215 471 2245 Ρ
488 2215 537 2255 (τί
553 2216 583 2247 σ’
599 2215 630 2245 Μ
648 2227 654 2246 :
679 2217 727 2248 τίς
739 2215 785 2255 Α)
878 2216 938 2254 165
962 2216 1177 2255 προυσπεσεῖν
1196 2212 1228 2242 Μ
1322 2214 1381 2251 167
1406 2214 1478 2253 χερὶ

155 2258 332 2300 σπείρασαν
350 2258 376 2288 L
395 2262 493 2295 (corr.
508 2258 533 2296 l)
550 2269 556 2289 ε
581 2260 650 2300 περὶ
667 2260 860 2301 σπείρουσαν
878 2258 904 2288 Ρ
1047 2257 1108 2287 168
1131 2257 1183 2288 ἵνα
1198 2255 1218 2294 ἧ
1234 2259 1294 2297 γῆς
1311 2255 1341 2286 V
1353 2256 1380 2286 B
1398 2267 1405 2286 :
1427 2257 1479 2288 ἵνα

147 2304 214 2341 ,γῆς
231 2302 262 2332 Α
380 2303 441 2342 169
464 2301 536 2335 οὐδὲ
552 2302 672 2344 χρυσός
689 2303 785 2334 codd.
805 2306 839 2333 et
855 2306 898 2335 Σ;
923 2301 963 2332 cf.
983 2301 1061 2331 Tro.
1081 2309 1145 2339 995
1268 2309 1328 2339 173
1352 2302 1478 2332 τοιοῦτο

155 2344 272 2376 MAV
