1683 2732
602 82 1014 123 PRAEFATIO

139 197 250 237 inter
272 198 309 237 L
332 205 376 239 et
406 197 462 237 L2
485 203 527 239 et
556 198 576 238 l
600 204 784 245 servato,
807 196 922 236 hunc
953 197 1148 236 codicem
1182 210 1258 235 suo
1286 196 1380 235 loco
1410 210 1471 235 re-

139 267 291 307 stituit.
356 267 437 307 Est
459 266 572 307 enim
597 266 637 306 L
658 273 700 306 et
723 266 912 306 sincerus
937 272 979 305 et
1002 266 1142 305 bonae
1169 264 1343 316 originis
1367 263 1473 303 liber

138 342 181 376 et
213 342 410 376 accurate
438 335 635 389 scriptus,
663 341 708 375 et
738 341 868 384 certe,
896 334 931 374 si
964 346 1193 373 numerum
1228 331 1471 372 fabularum

138 410 320 458 spectaS,
342 404 621 458 gravissimus
648 403 841 444 omnium
867 402 1216 456 Euripideorum.
1282 400 1416 453 Quod
1440 401 1472 439 si

137 472 194 513 ab
216 473 384 527 optimo
405 473 555 514 codice
580 473 627 513 M
650 472 719 512 hic
741 485 839 512 cum
858 477 1047 523 cognato
1067 484 1145 511 suo
1168 469 1199 508 P
1225 469 1474 523 longissime

139 543 414 592 recedit,non
435 542 641 582 continuo
663 542 707 582 id
724 541 829 581 vitio
850 540 1102 581 habendum
1126 545 1190 579 est
1214 545 1289 579 aut
1312 537 1377 577 his
1400 544 1474 578 aut

140 610 213 652 illi.
273 610 522 665 Archetypi
545 611 609 651 sui
632 617 815 664 uterque
838 609 1043 650 lectiones
1065 614 1265 648 accurate
1284 606 1473 659 plerum-

139 693 223 733 que
256 680 461 729 tradidit;
509 686 551 721 et
584 679 626 719 in
662 678 931 732 gravioribus
967 677 1121 718 saltem
1160 676 1475 730 discrepantiis,

139 762 238 790 cum
270 763 328 790 ex
359 750 440 790 hac
471 755 594 802 parte
625 754 711 789 stet
739 748 778 788 L
806 761 904 788 cum
936 747 981 794 P,
1004 761 1060 787 ex
1092 746 1229 786 altera
1262 745 1308 785 M
1343 745 1474 785 adsti-

140 817 391 871 pulantibus
409 817 562 865 AVB,
578 831 664 857 non
687 817 797 857 inter
818 816 935 870 ipsos
958 815 1128 856 codices
1146 814 1475 855 diiudicandum

139 893 217 939 est,
247 886 360 927 hunc
398 886 662 927 duodecimo
699 885 872 927 saeculo
909 885 1133 938 scriptum,
1166 883 1287 924 illum
1324 890 1477 936 quarto

139 955 325 1006 decimo,
345 955 421 996 sed
445 955 554 996 inter
583 954 789 996 lectiones
817 955 902 995 iam
932 954 1087 1007 quinto
1118 963 1154 993 P.
1171 963 1209 993 C.
1234 953 1404 993 saeculo
1435 953 1475 992 in

140 1024 306 1065 scriniis
331 1026 560 1066 doctorum
590 1024 820 1065 hominum
852 1024 1045 1064 inventas
1077 1029 1118 1063 et
1149 1022 1205 1062 ad
1233 1036 1310 1062 nos
1342 1036 1476 1075 usque

140 1091 325 1135 fideliter
365 1093 652 1134 transmissas.
735 1094 854 1134 Nam
898 1098 996 1133 sunt
1037 1105 1139 1132 sane
1189 1091 1276 1131 duo
1316 1104 1477 1144 genera

140 1163 351 1211 codicum,
388 1176 467 1203 nec
503 1170 650 1204 tamen
687 1176 820 1203 unum
859 1162 1084 1211 sincerum,
1122 1160 1307 1201 alterum
1347 1160 1475 1201 inter-

140 1231 352 1284 polatum,
369 1238 415 1272 ut
434 1238 533 1286 post
554 1231 875 1272 Kirchhoffium
894 1244 1042 1272 omnes
1060 1236 1214 1285 putare
1233 1230 1476 1280 didicimus,

139 1302 214 1342 sed
234 1316 366 1342 unum
386 1303 536 1343 decem
555 1301 722 1343 fabulas
740 1302 1025 1354 complexum
1044 1300 1218 1341 scholiis
1236 1301 1478 1351 instructas,

140 1371 324 1412 alterum
368 1370 536 1412 fabulas
580 1371 877 1425 duodeviginti
926 1370 995 1411 vel
1043 1370 1173 1411 etiam
1217 1369 1361 1422 plures
1402 1370 1476 1410 sed

139 1440 303 1482 scholia
343 1440 472 1482 nulla.
557 1440 779 1481 Credibile
818 1447 894 1492 est,
932 1454 982 1481 ea
1025 1440 1328 1493 reputantibus
1368 1453 1478 1493 quae

139 1511 191 1551 de
214 1510 293 1552 hac
316 1525 360 1551 re
389 1510 608 1564 praeclare
635 1510 877 1563 disputavit
905 1508 1284 1558 Wilamowitzius,
1309 1509 1478 1549 codices

140 1579 187 1619 M
203 1578 248 1619 A
265 1579 298 1619 B
313 1580 356 1619 V
378 1579 588 1633 originem
612 1579 786 1620 trahere
804 1594 860 1620 ex
878 1593 1008 1633 opere
1028 1578 1226 1620 Sallustii
1250 1577 1475 1619 cuiusdam

138 1648 310 1689 -illius
330 1648 512 1689 fortasse
535 1649 609 1702 qui
635 1649 805 1690 Iuliano
829 1648 1005 1689 Caesari
1027 1654 1148 1689 tutor
1169 1662 1194 1688 a
1218 1647 1476 1688 Constantio

137 1717 410 1770 praepositus
434 1717 649 1771 fuit—qui
673 1719 822 1759 decem
846 1706 1015 1758 fabulas
1039 1716 1263 1770 Euripidis
1287 1715 1327 1757 in
1351 1730 1474 1757 usum

137 1785 383 1827 scholarum
405 1786 585 1828 selectas
615 1787 656 1826 in
682 1787 880 1827 ordinem
909 1786 1140 1841 dispositas
1162 1786 1476 1827 commentario

138 1856 365 1897 instructas
388 1856 594 1897 ediderit:
628 1856 669 1896 in
690 1856 986 1898 Laurentiano
1002 1862 1149 1897 autern
1172 1862 1473 1896 conservatum

138 1939 231 1966 esse
272 1925 564 1980 fragmentum
607 1925 808 1966 editionis
849 1939 1029 1980 poeseos
1077 1924 1339 1977 Euripideae
1382 1924 1472 1964 uni-

138 2007 299 2047 versae,
321 1994 497 2048 qualem
529 1994 715 2035 confecit
745 1993 1068 2047 Aristophanes
1099 1993 1352 2047 Byzantius,
1374 2007 1471 2034 cum

138 2064 402 2117 argumentis
444 2071 486 2105 et
527 2077 810 2117 personarum
855 2063 1065 2117 catalogis
1106 2063 1180 2104 sed
1223 2062 1314 2103 sine
1355 2076 1471 2103 com-

139 2133 362 2174 mentario.
440 2133 569 2174 Certe
619 2147 705 2174 non
755 2147 810 2172 ex
856 2132 945 2173 alta
996 2132 1255 2185 antiquitate
1303 2132 1472 2172 diversa

139 2202 309 2243 fuerunt
359 2202 465 2243 haec
516 2203 602 2243 duo
654 2215 838 2255 gene1·a;
901 2214 1001 2242 nam
1054 2200 1250 2254 quamvis
1301 2201 1471 2254 saepius

139 2271 177 2311 L
200 2271 315 2312 solus
337 2271 405 2312 vel
430 2272 468 2312 L
485 2271 516 2311 P
539 2272 618 2312 soli
643 2279 793 2312 contra
816 2277 982 2311 ceteros
1005 2275 1131 2320 stent,
1146 2283 1232 2310 non
1250 2283 1469 2322 nunquam

138 2347 286 2381 tamen
319 2341 417 2381 VL
452 2347 605 2382 contra
643 2341 765 2391 MA,
797 2346 929 2393 atque
970 2339 1082 2380 adeo
1117 2337 1209 2393 (sed
1245 2337 1327 2378 hoc
1370 2351 1471 2378 sane

140 2408 291 2464 rarius)
339 2410 385 2451 M
403 2410 441 2451 L
485 2418 634 2452 contra
674 2410 717 2450 V
734 2409 774 2450 A
796 2424 805 2460 3
858 2410 1004 2451 novics
1047 2409 1177 2449 etiam
1222 2407 1287 2448 vel
1330 2407 1471 2448 decies

791 2492 816 2518 v
