1683 2732
686 94 1075 131 ΗΡΑΚΛΕΙΔΑΙ

316 195 444 236 δεινὸν
468 198 540 246 μὲν
566 196 683 236 πόλιν
710 196 760 238 ὡς
786 195 920 246 Μυκή-
1393 197 1491 252 [ἀντ.
1518 218 1542 240 α

314 279 385 304 νας
409 261 618 313 εὐδαίμονα
643 264 704 303 καὶ
728 262 841 314 δορὸς
1477 271 1541 310 760

448 330 705 369 πολυαίνετον
731 330 833 384 ἀλκᾷ

381 397 497 446 μῆνιν
524 396 597 451 ἐμᾷ
620 395 737 449 χθονὶ
763 396 928 437 κεύθειν·

316 462 433 502 κακὸν
460 461 510 508 δ’,
538 460 567 502 ὦ
592 463 720 508 πόλις,
749 464 781 504 εἰ
807 462 943 513 ξένους

318 531 475 581 ἱκτῆρας
499 529 786 581 παραδώσομεν

451 595 690 645 κελεύμασιν
710 595 893 648 νΑργους.
1482 603 1541 644 765

316 662 414 704 Ζεύς
437 679 504 712 μοι
528 662 747 716 σύμμαχος,
775 662 819 703 οὐ
844 665 996 715 φοβοῦ-

313 745 394 780 μαι,
423 728 521 770 Ζεύς
544 745 611 779 μοι
636 729 752 782 χάριν
778 730 938 771 ἐνδίκως

449 794 545 848 ἔχει·
584 796 725 836 οὔποτε
749 798 902 836 θνατῶν

312 861 466 911 ἤσσους
491 859 707 913 (δαίμονες)
735 862 777 902 ἔκ
802 862 839 914 γ’
864 863 959 913 ἐμοῦ
984 866 1215 914 φανοῦνται.

382 961 487 1007 ἀλλ’,
515 960 544 1001 ὦ
570 963 845 1003 πότνια-σὸν
872 964 946 1014 γὰρ
972 962 1033 1001 01⁴)-
1381 961 1484 1017 [στρ.
1511 970 1540 1015 β

381 1031 449 1069 δας
473 1025 588 1080 [γᾶς],
617 1029 689 1069 σὸν
716 1029 778 1069 καὶ
804 1029 931 1074 πόλις,
959 1029 1004 1070 ἇς
1031 1029 1080 1069 σὺ
1103 1028 1177 1080 μά-
1480 1043 1538 1077 771

381 1111 451 1146 τηρ
477 1094 668 1135 δέσποινά
692 1112 735 1136 τε
761 1096 823 1135 καὶ
849 1094 1039 1147 φύλαξ-

316 1161 511 1212 πόρευσον
535 1161 641 1215 ἄλλα
665 1161 733 1202 τὸν
758 1161 802 1201 οὐ
826 1161 983 1203 δικαίως

447 1227 529 1282 τᾷδ’
557 1227 754 1280 ἐπάγοντα
779 1231 1000 1280 δορυσσοῦν

314 1294 483 1346 στρατὸν
509 1294 713 1346 Ἀργόθεν
751 1294 796 1335 οὐ
820 1296 895 1347 γὰρ
919 1296 993 1350 ε’μᾷ
1017 1294 1053 1347 γ’
1080 1295 1199 1350 ἀρετᾷ
1482 1307 1539 1342 775

313 1361 459 1402 δίκαιός
484 1360 558 1411 εἰμ’
583 1362 769 1402 ἐκπεσεῖν
792 1360 1013 1413 μελάθρων.

381 1462 469 1502 ἐπεί
491 1478 556 1501 σοι
581 1463 799 1504 πολύθυτος
824 1462 885 1502 ἀεὶ
1365 1459 1467 1515 [ἀντ.
1493 1468 1523 1513 β

378 1530 471 1578 τιμὰ
497 1530 703 1580 κραίνεται,
730 1529 818 1569 οὐδὲ
843 1528 914 1569 λά-

379 1598 437 1635 θει
462 1599 594 1645 μηνῶν
620 1597 763 1647 φθινᾶς
787 1595 924 1647 ἁμέρα,

311 1660 411 1701 νέων
435 1660 469 1701 τ’
495 1661 623 1702 ἀοιδαὶ
648 1666 778 1715 χορῶν
803 1679 845 1703 τε
868 1664 1032 1713 μολπαί.
1473 1667 1539 1705 780

444 1728 649 1779 ἆνεμόεντι
673 1728 705 1768 δ’
731 1728 791 1769 ἐπ’
816 1730 922 1783 ὄχθῳ

309 1794 566 1847 ὀλολύγματα
591 1796 821 1848 παννυχίοις
845 1795 921 1836 ὑπὸ
946 1812 1043 1847 παρ-

310 1860 434 1901 θένων
459 1863 567 1915 ἰαχεῖ
589 1865 719 1903 ποδῶν
746 1863 954 1914 κρότοισιν.

254 1954 311 1992 761
338 1954 551 1986 πολυαίνετον
568 1955 716 1986 Canter:
742 1954 953 1987 πολυαινέτου
973 1954 1036 1985 LP
1214 1955 1276 1992 762
1306 1956 1367 1996 ἐμᾷ
1388 1954 1536 1985 Canter:

211 1996 265 2035 ἐμὲ
284 1996 348 2026 LP
471 1999 532 2036 765
557 1999 753 2038 κελεύμασιν
764 1999 902 2041 ’Ἄργους
920 1998 1068 2029 Reiske:
1095 1999 1145 2029 καὶ
1163 1998 1319 2036 λεύσιμον
1336 1999 1431 2039 ἄργος
1450 1998 1475 2027 L
1489 1997 1536 2028 P:

210 2041 261 2070 καὶ
279 2039 432 2079 λεύσιμον
449 2042 550 2082 ἄλγος
567 2041 761 2081 Stephanus
896 2043 960 2081 769
984 2042 1130 2081 δαίμονες
1149 2041 1184 2072 ἔκ
1200 2042 1232 2081 γ’
1252 2040 1450 2072 Kirchhoff:
1478 2042 1535 2072 εἴτ’

213 2081 286 2114 LP.
334 2083 455 2114 Notam
483 2091 569 2116 λειπ.
597 2086 672 2117 add.
701 2086 750 2117 L2.
801 2086 933 2117 Turbas
959 2085 1084 2115 faciunt
1108 2085 1121 2114 l
1143 2090 1176 2114 et
1194 2089 1219 2124 p
1382 2094 1439 2123 771
1475 2087 1536 2125 γᾶς

210 2125 331 2156 seclusi
455 2127 529 2168 σὺν]
560 2129 602 2167 σὺ
630 2129 809 2160 Wecklein
959 2139 1021 2168 773
1057 2129 1143 2160 ἀλλὰ
1174 2127 1260 2158 LP:
1294 2138 1378 2158 corr.
1409 2128 1536 2158 Cantet-

212 2178 273 2207 774
307 2170 378 2211 τᾷδ’
408 2169 627 2210 Hervagiana
654 2173 782 2204 altera:
819 2172 889 2205 τάδ’
920 2172 985 2202 LP
1127 2173 1304 2212 δορυσσοῦν
1333 2171 1535 2201 Kirchhoff:

210 2211 409 2252 δορύσσοντα
426 2213 490 2244 LP
638 2225 698 2254 777
724 2218 792 2248 ἐπεὶ
809 2227 923 2256 apogr.
946 2216 1050 2246 Paris.
1071 2226 1077 2244 :
1103 2216 1153 2247 ἐπὶ
1173 2215 1199 2244 L
1212 2215 1237 2244 P
1335 2215 1534 2246 πολύθυστος

211 2255 270 2286 αιέὶ
289 2255 439 2286 Dindors
453 2258 525 2294 (αιέὶ
541 2257 566 2297 l)
718 2261 780 2298 778
805 2260 906 2296 λάθει,
926 2270 990 2290 non
1011 2258 1127 2297 λεύθει7
1149 2259 1175 2288 L
1189 2258 1215 2288 P
1372 2269 1434 2298 779
1458 2268 1529 2297 sqq.

211 2298 319 2337 ἁμέρα·
353 2299 430 2331 νέων
446 2300 473 2331 δ’
497 2323 504 2330 .
532 2325 540 2331 .
567 2325 573 2332 .
600 2304 721 2341 μολπαὶ
747 2302 914 2343 ἀνεμόεντί
937 2303 968 2333 τ’
993 2302 1222 2332 Wilamowitz
1363 2303 1424 2339 780
1456 2301 1535 2333 νέων

211 2341 357 2373 Barncs:
391 2346 472 2374 ναῶν
497 2343 561 2373 LP
588 2345 680 2384 (νεῶν
703 2346 727 2384 l)
