1651 2780
646 119 991 156 ΕΥΡΙΠΙΔΟΥ

523 222 566 261 ἰὼ
593 221 649 261 ἰώ·
686 221 930 273 γενναιότατ’
957 221 1004 261 ὠ-

390 290 493 329 θεῖτε
520 288 714 328 σπεύδετ’.
787 289 961 329 ἐκκαίετε
988 290 1058 329 τὰν
1083 287 1210 341 ὀφρὺν

521 354 636 407 θηρὸς
661 358 728 395 τοῦ
753 353 972 405 ξενοδαίτα.

519 421 689 474 τυφέτω,
719 421 857 462 καιέτω

519 488 587 529 τὸν
614 490 758 531 Αἴτνας
781 490 1021 540 μηλονόμον.
1417 492 1481 524 660

387 555 547 607 τόρνευ’,
577 556 679 602 ἕλκε,
707 555 759 606 μή
788 555 826 595 σ’
852 554 1098 607 ἐξοδυνηθεὶς

522 621 649 679 δράσῃ
675 639 712 663 τι
735 622 911 674 μάταιον.

155 723 226 761 Κυ.
255 721 364 772 ὤμοι,
393 722 733 775 κατηνθρακώμεθ’
760 724 970 775 ὀφθαλμοῦ
997 722 1134 765 σέλας.

154 791 226 828 Χο.
258 789 375 831 καλός
400 788 437 841 γ’
464 790 484 828 ὁ
508 789 642 830 παιάν·
679 789 807 841 μέλπε
831 808 897 842 μοι
923 789 1040 836 τόνδ’,
1068 788 1097 830 ὦ
1125 789 1318 843 Κύκλωψ.

156 858 225 896 Κυ.
255 856 351 907 ὤμοι
376 855 483 907 μάλ’,
512 857 563 898 ὡς
587 857 811 909 ὑβρίσμεθ’,
840 857 890 900 ὡς
915 857 1137 908 ὀλώλαμεν.
1420 860 1481 900 665

255 922 345 963 ἀλλ’
371 923 454 964 οὔτι
478 923 529 974 μὴ
555 924 707 976 φύγητε
732 924 846 974 τῆσδ’
872 923 946 975 ἔξω
971 923 1115 976 πέτρας

255 991 473 1042 χαίροντες,
501 990 613 1031 οὐδὲν
637 992 761 1033 ὄντες·
801 992 842 1031 ἐν
868 991 1034 1032 πύλαισι
1059 992 1134 1043 γὰρ

257 1058 417 1098 σταθεὶς
442 1056 650 1109 φάραγγος
675 1057 789 1098 τάσδ’
815 1059 1021 1109 ἐναρμόσω
1047 1057 1179 1111 χέρας.

154 1127 226 1163 Xo.
255 1124 294 1164 τί
315 1123 433 1177 χρῆμ’
458 1124 599 1170 ἀυτεῖς,
627 1123 656 1164 ὦ
684 1125 883 1176 Κύκλωψ;
1024 1127 1094 1165 Κυ.
1166 1124 1396 1175 ἀπωλόμην.

176 1194 187 1201 v
285 1192 294 1205 ³
368 1208 371 1209 ⁷
393 1192 402 1204 μ
584 1192 595 1206 f
787 1194 798 1201 ν
932 1192 941 1206 a
981 1191 991 1206 x
1063 1194 1080 1203 n
1144 1190 1153 1205 t
1206 1190 1215 1205 5
1246 1191 1262 1206 ιι

155 1195 227 1231 xo.
255 1207 422 1244 αισχρος
446 1208 492 1244 γε
519 1196 654 1248 φαινῃ.
768 1195 838 1232 Κυ.
901 1208 993 1232 καπι
1017 1193 1150 1232 τοισδε
1178 1208 1204 1243 γ
1241 1193 1391 1232 αθλιος.
1417 1192 1483 1234 670

154 1261 228 1298 Xo.
265 1258 418 1308 μεθύων
443 1257 659 1300 κατέπεσες
684 1260 723 1301 ἐς
749 1258 895 1310 μέσους
920 1259 1010 1300 τοὺς
1036 1257 1249 1310 ἄνθρακας;

158 1328 228 1365 Κυ.
257 1325 376 1367 Οὖτίς
399 1325 439 1376 μ’
465 1325 656 1366 ἀπώλεσ’.
796 1329 868 1366 Xo.
940 1325 1008 1365 οὐκ
1033 1325 1092 1377 ἄρ’
1121 1325 1246 1366 οὐδεὶς
1271 1324 1408 1375 ἠδίκει.

158 1395 226 1432 Κυ.
254 1392 373 1434 Οὖτίς
397 1409 445 1443 με
469 1396 621 1444 τυφλοῖ
641 1391 864 1444 βλέφαρον.
960 1395 1030 1431 Xo.
1086 1391 1153 1432 οὐκ
1180 1391 1239 1444 ἄρ’
1260 1391 1297 1432 εἶ
1317 1391 1481 1444 τυφλός.

158 1462 228 1499 Κυ.
257 1459 307 1500 ὡς
333 1459 378 1509 δὴ
405 1459 514 1499 σύ»-
589 1462 661 1499 Χο.
735 1459 796 1499 καὶ
823 1463 903 1500 πῶς
930 1458 968 1498 σ’
995 1458 1100 1501 οὔτις
1125 1458 1172 1499 ἂν
1199 1459 1281 1509 θείη
1307 1459 1481 1510 τυφλόνς

158 1529 227 1567 Κυ.
257 1526 463 1568 σκώπτεις.
536 1527 555 1564 ὁ
586 1526 618 1566 δ’
645 1526 765 1568 Οὖτις
796 1529 870 1566 ποῦ
895 1525 1016 1573 ’στιν,·
1156 1528 1228 1566 Xo.
1301 1526 1481 1576 οὐδαμοῦ,

426 1593 616 1645 Κύκλωψ.
1420 1595 1482 1635 675

159 1662 228 1699 Κυ.
256 1660 276 1699 ὁ
301 1658 425 1710 ξένος,
454 1659 503 1700 ἵν’
530 1661 653 1712 ὀρθῶς
679 1659 862 1716 ἐκμάθῃς,
889 1660 927 1710 μ’
955 1660 1178 1704 ἀπώλεσεν,

258 1727 277 1765 ὁ
301 1727 451 1778 μιαρός,
479 1728 521 1769 ὅς
544 1744 609 1778 μοι
636 1727 723 1768 δοὺς
748 1727 792 1767 τὸ
817 1731 933 1778 πῶμα
958 1726 1212 1767 κατέκλυσεν.

159 1796 230 1833 xo.
257 1793 382 1835 δεινὸς
407 1795 481 1846 γῖιρ
506 1795 610 1836 οἶνος
638 1794 699 1834 καὶ
724 1795 968 1835 παλαίεσθαι
992 1794 1131 1846 βαρύς.

160 1862 228 1899 Κυ.
256 1860 351 1911 πρὸς
378 1863 489 1907 θεῶν,
517 1860 740 1913 πεφεύγασ’
765 1858 787 1911 ἢ
814 1860 974 1911 μένουσ’
999 1860 1079 1901 ἔσω
1106 1861 1255 1912 δόμων;

160 1929 231 1966 Χο.
259 1927 365 1967 οὗτοι
392 1934 522 1985 σιωπῇ
547 1928 618 1978 τὴν
644 1927 791 1981 πέτραν
818 1927 999 1980 ἐπήλυγα
1420 1931 1485 1963 680

258 1995 457 2045 λαβόντες
483 1994 686 2045 ἑστήκασι.
828 1998 897 2036 Κυ.
969 1993 1138 2046 ποτέρας
1162 1996 1232 2045 τῆς
1256 1994 1393 2047 χερός;

200 2087 265 2125 659
288 2086 402 2128 τύφετ’
426 2087 460 2125 ὦ,
484 2088 584 2119 καίετ’
607 2087 629 2118 ὦ
654 2087 845 2126 Musgrave.
895 2087 964 2118 Sed
988 2087 1170 2117 incantatio
1193 2092 1266 2117 est:
1300 2087 1342 2117 cs.
1369 2097 1396 2116 v.
1421 2086 1486 2116 616

157 2130 223 2160 660
245 2137 324 2169 μηλ.
342 2132 400 2162 τὸν
417 2136 451 2162 Α.
475 2137 582 2161 metro
599 2131 710 2170 aptius
801 2131 894 2163 ἔτνας
913 2131 938 2161 L
955 2130 980 2160 P
1133 2131 1194 2160 661
1229 2131 1273 2169 μή
1291 2129 1321 2161 σ’
1342 2130 1416 2169 Lp:
1441 2131 1485 2169 μὴ

158 2173 184 2204 δ’
212 2173 237 2203 Ρ
356 2174 567 2215 ἐξοδυνηθεὶς]
595 2177 627 2215 ἐξ
651 2175 763 2212 ὀδύνης
789 2175 893 2206 συθεὶς
919 2174 1104 2204 Kirchhoff
1285 2174 1347 2211 664
1382 2172 1420 2213 ὦ]
1449 2172 1486 2205 αὖ

159 2215 336 2247 Markland
468 2219 532 2248 668
556 2218 666 2258 τάσδ’]1
688 2216 782 2255 τῆσδ’
806 2217 943 2248 Nauck:
972 2218 1076 2249 ταῖσδ’
1091 2216 1270 2248 Kirchhoff
1398 2217 1487 2255 669-

157 2261 219 2299 675
244 2260 319 2300 Xo.]
347 2261 447 2291 Forte
466 2263 562 2293 ἄλλοι
582 2261 754 2293 Κύκλωπες
771 2261 899 2293 ἔνδοθεν
1049 2262 1112 2300 672
1137 2261 1238 2293 οὐδείς
1255 2261 1286 2292 ‹r’
1305 2260 1486 2291 Battierius

157 2305 219 2342 674
245 2305 275 2335 σ’
293 2305 379 2336 οὔτις
397 2304 541 2335 Canter:
568 2304 620 2335 σύ·
639 2305 688 2336 τίς
708 2304 770 2334 LP
926 2305 988 2343 677
1019 2304 1088 2344 μοι]
1105 2318 1143 2344 με
1162 2304 1353 2343 Musgrave,
1375 2304 1485 2334 minus

158 2347 270 2377 Attice
341 2347 520 2380 κατέκλυσε
536 2347 680 2378 Canter:
700 2348 876 2380 κατέκαυσε
891 2348 916 2378 L
930 2348 955 2378 P
970 2348 1221 2387 mario-narreffl
1319 2348 1384 2386 678
1401 2347 1484 2379 οἶνος

160 2390 184 2420 L
198 2390 223 2420 P
354 2393 429 2429 678,
446 2393 510 2430 679
535 2391 759 2421 Personarum
777 2397 874 2422 notas
892 2402 959 2421 om.
980 2393 1004 2421 L
1017 2392 1054 2429 P,
1073 2392 1148 2422 add.
1168 2391 1296 2421 Reiske
