1683 2732
692 75 1077 112 ΗΡΑΚΛΕΙΔΑῘ

323 176 389 217 οὐκ
414 175 498 217 ἔστ’
524 176 634 229 ἄγειν
662 194 709 217 σε
734 176 866 216 τούσδ’
895 179 987 228 ἐμοῦ
1014 178 1139 227 ζώσης
1166 179 1273 219 ποτέ.
1484 185 1550 225 650

322 243 345 293 ἦ
369 243 452 296 τᾶρ’
479 245 628 284 ἐκείνου
651 243 704 294 μὴ
731 244 961 294 νομιζοίμην
987 245 1064 296 ἐγὼ

320 309 446 361 μήτηρ
470 309 536 349 ἔτ’·
574 311 608 350 εἰ
633 312 675 350 δὲ
699 312 823 350 τῶνδε
847 309 1042 367 προσθίξῃ
1069 312 1169 363 χερί,

322 379 428 416 δυοῖν
452 376 655 429 γερόντοιν
680 376 725 416 οὐ
752 380 881 419 καλῶς
906 377 1067 434 ἀγωνιῇ.

224 446 275 483 Io.
325 443 476 494 θάρσει,
504 442 654 495 γεραιά,
681 442 734 494 μὴ
762 443 918 500 τρέσῃς·
956 443 1023 483 οὐκ
1049 443 1240 496 Ἀργόθεν

323 508 443 561 κῆρυξ
465 510 630 562 ἀφῖκται
656 511 872 561 πολεμίους
897 510 1042 562 λόγους
1068 510 1184 563 ἔχων.
1486 516 1550 555 655

223 579 298 616 Αλ.
323 577 363 616 τί
385 578 459 629 γὰρ
484 576 587 627 βοὴν
614 577 792 627 ἔστησας
817 576 990 629 ἄγγελον
1017 577 1170 629 (summ),-

226 647 276 682 lo.
331 642 390 688 σέ,
418 643 571 694 πρόσθε
598 646 694 684 ναοῦ
719 643 822 683 τοῦδ’
848 645 954 686 ὅπως
979 645 1100 694 βαίης
1126 643 1263 685 πέλας.

224 712 296 750 Αλ.
325 709 393 749 οὐκ
418 711 535 760 ἴσμεν
559 710 672 760 ἡμεῖς
697 713 830 750 ταῦτα·
868 711 926 752 τίς
950 709 1025 763 γάρ
1050 709 1135 750 ἐσθ’
1161 712 1244 757 ὅὸε;

225 780 277 816 Io.
325 776 471 826 ἥκοντα
495 779 614 817 παῖδα
639 776 778 818 παιδὸς
803 776 994 830 ἀγγέλλει
1019 776 1150 817 σέθεν.

223 846 298 883 Αλ.
325 840 354 882 ὦ
379 847 494 897 χαῖρε
519 844 581 884 καὶ
609 843 659 884 σὺ
686 846 823 884 τοῖο-δε
846 847 929 885 τοῖς
953 843 1218 896 ἀγγέλμασιν.
1490 848 1554 879 660

324 911 419 962 ἀτὰρ
444 911 484 950 τί
506 911 618 964 χώρᾳ
645 913 738 967 τῇδε
764 911 1012 963 προσβαλὼν
1038 911 1140 951 πόδα

324 980 398 1017 ποῦ
422 980 490 1017 νῦν
515 976 679 1024 ἄπεστι,·
717 978 776 1019 τίς
801 994 863 1018 νιν
888 977 993 1030 εἶργε
1018 979 1207 1030 συμφορὰ

325 1043 399 1083 σὺν
425 1044 489 1084 σοὶ
516 1043 694 1096 φανέντα
720 1043 820 1095 δεῦρ’
847 1043 942 1094 ἐμὴν
967 1043 1112 1096 τέρψαι
1137 1043 1284 1096 φρένα;

226 1113 297 1150 Θε.
327 1110 498 1161 στρατὸν
523 1111 669 1160 καθίζει
695 1109 892 1151 τάσσεταί
912 1110 945 1149 θ’
971 1109 1016 1151 ὃν
1041 1110 1129 1160 ἦλθ’
1155 1110 1271 1163 ἔχων.

226 1180 299 1217 Αλ.
323 1176 426 1216 τοῦδ’
453 1176 578 1217 οὐκέθ’
603 1177 695 1228 ἡμῖν
721 1180 789 1217 τοῦ
813 1178 935 1229 λόγου
959 1176 1121 1228 μέτεστι
1147 1176 1206 1227 δή.
1490 1181 1551 1223 665

230 1247 280 1282 lo.
330 1242 528 1293 μέτεστιν·
568 1244 677 1294 ἡμῶν
704 1243 735 1283 δ’
762 1243 876 1295 ἔργον
902 1246 1076 1296 ἱστορεῖν
1099 1243 1204 1284 τάδε.

227 1312 298 1350 Θε.
325 1311 366 1350 τί
389 1312 485 1359 δῆτα
510 1311 639 1366 βούλῃ
666 1314 744 1350 τῶν
770 1310 1057 1362 πεπραγμένων
1081 1313 1240 1361 μαθεῖν;

229 1380 279 1417 Io.
330 1377 459 1417 πόσον
484 1394 520 1417 τι
547 1379 698 1427 πλῆθος
726 1377 947 1430 συμμάχων
972 1376 1135 1428 πάρεστ’
1162 1378 1285 1429 ἕχων;

226 1446 298 1483 Θε.
326 1444 513 1485 πολλούς·
552 1443 718 1495 ἀριθμὸν
743 1443 775 1483 δ’
801 1443 928 1483 ἄλλον
953 1443 1020 1483 οὐκ
1046 1443 1125 1496 ἔχω
1152 1442 1318 1494 φράσαι.

228 1514 278 1550 Ῐο.
329 1511 480 1557 ἴσασιν,
508 1510 627 1561 οἶμαι,
657 1510 762 1550 ταῦτ’
788 1509 1009 1560 Ἀθηναίων
1033 1511 1194 1562 πρόμοι;
1490 1513 1554 1551 670

226 1580 298 1617 Θε.
325 1578 453 1618 ἴσασι·
493 1578 554 1618 καὶ
580 1577 625 1627 δὴ
653 1577 767 1618 λαιὸν
792 1578 960 1627 ἕστηκεν
986 1576 1111 1629 κέρας.

228 1647 279 1684 Io.
328 1643 401 1695 ἤδη
427 1646 502 1697 γὰρ
528 1645 579 1687 ὡς
607 1646 646 1687 ἐς
671 1644 786 1698 ἔργον
813 1644 1013 1684 ὥπλισται
1038 1644 1226 1696 στρατός;

226 1714 298 1752 Θε.
327 1711 388 1751 καὶ
414 1711 458 1762 δὴ
485 1714 680 1764 παρῆκται
706 1711 864 1764 σφάγια
887 1710 1036 1762 τάξεων
1061 1710 1163 1753 ἑκάς.

228 1781 280 1818 Io.
329 1779 458 1819 πόσον
482 1795 520 1819 τι
545 1778 576 1818 δ’
603 1777 688 1819 ἔστ’
713 1778 870 1819 ἄπωθεν
896 1778 1077 1831 Ἀργεῖον
1104 1778 1214 1830 δόρυ;

226 1847 300 1885 Θε.
327 1845 422 1885 ὥστ’
450 1843 663 1897 ἐξορᾶσθαι
689 1844 757 1886 τὸν
783 1844 1006 1897 στρατηγὸν
1033 1847 1230 1897 ἐμφανῶς.
1488 1845 1551 1884 675

228 1913 280 1950 Io.
330 1913 372 1951 τί
392 1915 560 1963 δρῶντα;
598 1915 681 1963 μῶν
705 1911 912 1952 τάσσοντα
935 1913 1136 1962 πολεμίων
1162 1912 1323 1963 στίχας;

228 1979 299 2018 Θε.
324 1977 512 2034 ᾐκάζομεν
536 1978 655 2018 ταῦτ’·
698 1978 742 2018 οὐ
767 1980 842 2031 γὰρ
868 1977 1114 2029 ἐξηκούομεν.

327 2043 416 2084 ἀλλ’
443 2044 529 2095 εἶμ’·
566 2044 732 2097 ἐρήμους
758 2045 954 2086 δεσπότας
979 2044 1123 2095 τούμὸν
1147 2042 1264 2095 μέρος

269 2136 333 2174 652
356 2138 532 2178 προσθίξεις
555 2138 638 2168 LP:
666 2148 750 2170 corr.
771 2137 921 2176 Elmsley
1098 2137 1161 2175 655
1187 2136 1272 2176 ἔχων
1292 2134 1411 2176 λόγους
1434 2133 1552 2164 Nauck

226 2180 390 2218 657-695,
417 2184 577 2219 714-713,
603 2191 753 2220 733-740
789 2181 946 2211 Lineolas
972 2191 1033 2220 pro
1062 2189 1286 2219 personarum
1312 2178 1401 2208 notis
1425 2178 1551 2208 habent

231 2222 255 2251 L
269 2222 295 2251 P
383 2224 445 2262 657
471 2223 538 2264 σε’,]
557 2224 597 2256 σύ
611 2224 786 2255 Brodaeus
862 2224 978 2264 πέλας]
997 2227 1106 2255 καλῶν
1121 2223 1280 2261 Hartung
1368 2223 1431 2259 664
1456 2233 1550 2262 στρα-

228 2266 285 2296 τὸν
297 2265 356 2305 lp:
381 2268 517 2307 στρατὸς
532 2267 558 2297 L
571 2267 596 2297 P
715 2269 778 2306 665
803 2268 881 2306 Αλ.]
901 2267 991 2297 nulla
1008 2271 1087 2296 nota
1105 2267 1138 2295 in
1154 2266 1180 2295 L
1193 2265 1219 2295 P
1234 2277 1240 2295 :
1267 2265 1421 2296 lineolam
1438 2263 1514 2294 fecit
1526 2269 1551 2303 p

226 2309 290 2345 672
315 2311 346 2340 ἐς
364 2309 418 2339 hic
433 2310 459 2339 L
471 2309 497 2339 P
642 2311 706 2348 673
729 2310 850 2349 τάξεων
868 2309 904 2338 P-
921 2319 927 2337 :
951 2308 1055 2348 τάξων
1074 2308 1099 2337 L
1113 2307 1139 2336 P
1243 2307 1315 2339 ἑκάς
1335 2313 1524 2347 suspectum
1544 2318 1551 2337 z

228 2353 287 2381 sed
307 2353 347 2383 cf.
368 2353 472 2382 Thuc.
492 2354 535 2384 vi.
553 2355 596 2392 69
705 2356 768 2393 678
795 2353 968 2384 Lineolam
987 2353 1179 2392 praefigunt
1199 2352 1225 2382 L
1238 2351 1264 2381 P
