1683 2732
714 87 971 124 ΜΗΔΕΙΑ

281 188 561 240 συμβάλλεται
585 190 627 229 δὲ
652 189 786 229 πολλὰ
811 191 922 229 τοῦδε
948 190 1141 239 δείματος·

281 255 391 308 σοφὴ
417 254 595 308 πέφυκας
620 255 684 296 καὶ
711 257 836 295 κακῶν
862 258 1025 296 πολλῶν
1051 257 1162 308 ἵδρις,
1450 263 1510 302 285

281 328 387 379 λυπῇ
412 324 453 363 δὲ
476 320 652 374 λέκτρων
677 321 816 373 ἀνδρὸς
843 321 1096 374 ἐστερημένη.

282 389 385 429 κλύω
412 388 445 429 δ’
469 389 649 430 ἀπειλεῖν
676 388 728 435 σ’,
757 388 808 431 ὡς
834 388 1141 441 ἀπαγγέλλουσί
1161 405 1239 440 μοι,

280 455 349 496 τὸν
374 456 493 496 δόντα
519 456 581 496 καὶ
607 454 788 507 γήμαντα
814 455 877 496 καὶ
902 455 1149 507 γαμουμένην

281 521 443 574 δράσειν
467 539 516 563 τι.
587 521 694 562 ταῦτ’
721 522 789 562 οὗν
813 522 905 574 πρὶν
930 525 1071 563 παθεῖν
1096 521 1336 575 φυλάξομαι.

281 592 471 640 κρεῖσσον
497 587 538 629 δέ
562 606 628 640 μοι
655 592 723 630 νῦν
748 589 845 641 πρός
871 588 909 628 σ’
936 588 1197 643 ἀπεχθέσθαι,
1226 589 1352 642 γύναι,
1450 603 1512 635 290

279 652 302 705 ἢ
328 655 639 706 μαλθακισθένθ’
664 656 832 708 ὕστερον
856 655 959 708 μέγα
984 655 1152 697 στένειν.

181 723 263 772 Μη.
284 725 360 774 φεῦ
384 726 472 774 φεῦ.

279 788 323 828 οὐ
347 792 415 829 νῦν
440 806 488 840 με
513 793 681 842 πρῶτον,
709 790 815 830 ἀλλὰ
840 788 1046 836 πολλάκις,
1075 789 1212 841 Κρέον,

280 855 445 908 ἔβλαψε
471 854 566 906 δόξα
589 855 746 908 μεγάλα
770 855 803 895 τ’
829 858 1033 908 εἴργασται
1058 855 1167 896 κακά.

280 921 355 976 χρὴ
382 922 414 962 δ’
440 922 575 964 οὔποθ’
602 924 714 965 ὅστις
740 924 942 975 ἀρτίφρων
967 922 1110 975 πέφυκ’
1137 922 1233 975 ἀνὴρ

280 992 422 1031 παῖδας
447 994 648 1042 περισσῶς
674 989 976 1029 ἐκδιδάσκεσθαι
1001 990 1167 1042 σοφούς·
1449 1003 1510 1034 295

281 1056 402 1109 χωρὶς
427 1057 504 1108 γὰρ
528 1055 655 1106 ἄλλης
679 1056 724 1107 ἧς
750 1057 913 1109 ἔχουσιν
938 1056 1076 1107 ἀργίας

281 1122 432 1174 φθόνον
457 1122 553 1174 πρὸς
578 1123 711 1163 ἀστῶν
736 1122 966 1175 ἀλφάνουσι
990 1124 1175 1173 δυσμενῆ.

283 1193 461 1230 σκαιοῖσι
485 1190 557 1240 μὲν
582 1190 658 1241 γὰρ
684 1191 795 1229 καινὰ
820 1188 1062 1241 προσφέρων
1089 1190 1199 1242 σοφὰ

283 1254 409 1306 δόξεις
434 1256 592 1309 ἀχρεῖος
619 1257 686 1297 κού
711 1255 840 1308 σοφὸς
864 1254 1093 1308 πεφυκέναι·

281 1326 358 1363 τῶν
383 1321 416 1361 δ’
441 1322 488 1362 αὖ
514 1322 733 1363 δοκούντων
759 1321 904 1363 εἰδέναι
926 1339 963 1362 τι
987 1323 1168 1363 ποικίλον
1448 1336 1513 1367 300

282 1390 480 1441 κρείσσων
502 1390 704 1440 νομισθεὶς
730 1390 771 1430 ἐν
796 1390 912 1429 πόλει
936 1388 1084 1441 λυπρὸς
1109 1394 1229 1446 φανῇ.

281 1456 358 1507 ἐγὼ
383 1457 425 1496 δὲ
451 1455 570 1506 καύτὴ
600 1458 721 1506 τῆσδε
746 1460 917 1497 κοινωνῶ
942 1456 1076 1509 τύχης.

284 1521 393 1574 σοφὴ
419 1523 492 1574 γὰρ
518 1522 630 1568 οὖσα,
658 1526 740 1564 τοῖς
763 1522 834 1574 μέν
861 1522 935 1573 εἰμ’
961 1523 1189 1575 ἐπίφθονος,

279 1592 360 1630 τοῖς
385 1588 418 1628 δ’
443 1589 629 1643 ἡσυχαία,
658 1592 738 1631 τοῖς
763 1592 805 1630 δὲ
830 1588 994 1641 θατέρου
1017 1590 1174 1642 τρόπου,

281 1659 363 1697 τοῖς
388 1654 420 1695 δ’
446 1655 492 1696 αὖ
516 1655 756 1708 προσάντης·
796 1656 873 1707 εἰμὶ
899 1655 931 1695 δ’
957 1656 1024 1697 οὐκ
1049 1655 1150 1708 ἄγαν
1177 1654 1300 1708 σοφή.
1448 1669 1509 1700 305

282 1722 333 1763 σὺ
357 1721 389 1762 δ’
415 1722 482 1763 οὖν
507 1727 621 1780 φοβῇ
645 1740 704 1773 με·
742 1723 794 1773 μὴ
819 1724 860 1763 τί
881 1725 1111 1774 πλημμελὲς
1136 1722 1281 1779 πάθῃς;

281 1790 355 1842 οὐχ
379 1788 444 1829 ὧδ’
469 1789 553 1842 ἔχει
577 1789 753 1840 μοι-μὴ
779 1788 923 1846 τρέσῃς
947 1790 1059 1841 ἡμᾶς,
1088 1788 1272 1841 Κρέον-

226 1883 289 1921 284
320 1882 483 1923 δείματος]
513 1883 672 1923 δείγματα
694 1882 867 1914 Wieseler
1043 1883 1106 1921 287
1139 1884 1284 1914 ἀπειλεῖν
1312 1883 1341 1913 σ’
1367 1882 1393 1911 L
1418 1886 1450 1913 et
1476 1888 1509 1912 ut

181 1926 247 1957 vid.
266 1925 325 1957 B²:
352 1927 498 1958 ἀπειλεῖν
513 1926 586 1957 AV
600 1927 645 1957 P:
671 1927 812 1959 ἀπειλεῖς
831 1927 858 1957 Β
1016 1937 1081 1966 290
1105 1925 1302 1966 ἀπέχθεσθαι
1320 1926 1417 1956 codd.
1438 1927 1510 1965 (ἀπ-

184 1969 317 2009 έχεσθαι
333 1969 439 2007 ΑΒ);
467 1980 551 2000 corr.
571 1969 721 2009 Elmsley
837 1980 896 2009 291
923 1969 1137 2010 μεταστένειν
1154 1969 1272 1999 Nauck
1385 1979 1448 2008 292
1472 1983 1510 2008 με

183 2022 249 2043 om.
265 2011 318 2043 A:
350 2013 424 2043 add.
443 2023 483 2044 a:
508 2026 548 2054 γε
567 2013 685 2044 Hirzel
837 2023 901 2053 293
929 2013 1004 2054 δόξα
1021 2014 1117 2044 codd.
1138 2017 1171 2043 et
1187 2017 1211 2046 Σ
1227 2023 1233 2042 :
1256 2015 1398 2054 ’γλῶσσα
1415 2012 1506 2043 Stob.

182 2056 235 2094 36.
259 2065 279 2095 3
423 2058 486 2095 296
518 2057 638 2097 ἄλλης]
664 2056 812 2094 ἀλκῆςΑ
957 2067 1019 2096 297
1051 2056 1142 2098 πρὸς]
1168 2055 1239 2097 παρ’
1265 2056 1344 2086 citat
1368 2055 1508 2087 Aristot.

184 2098 287 2129 Rhet.
312 2109 392 2138 1394
410 2110 429 2130 a
444 2109 485 2138 34
597 2102 660 2139 298
685 2100 785 2142 σοφὰ]
805 2100 865 2139 ἔπη
883 2100 927 2131 132
944 2105 978 2131 et
995 2101 1106 2130 denuo
1122 2100 1140 2130 b
1252 2109 1313 2139 301
1341 2101 1459 2141 λυπρὸς
1477 2102 1511 2130 ἐν

183 2142 277 2174 πόλει
293 2141 403 2173 AVB
555 2153 707 2183 303-305
731 2155 784 2175 vv.
802 2144 924 2174 iniuria
941 2143 1111 2174 sollicitati
1254 2154 1316 2183 304
1344 2143 1511 2173 damnavit

184 2185 338 2225 Pierson,
363 2186 403 2217 cl.
427 2197 457 2219 v.
484 2187 573 2226 808;
605 2197 670 2218 om.
696 2186 739 2226 A,
763 2188 824 2218 sed
854 2187 927 2227 ipse
952 2187 1093 2226 margini
1119 2186 1307 2227 adscripsit.
1336 2186 1463 2217 Habuit
1487 2190 1510 2219 Σ

183 2238 248 2268 305
273 2229 342 2269 οὐκ]
363 2229 426 2261 οὐδ’
445 2230 687 2269 interpretatur
702 2234 726 2264 Σ
863 2232 929 2269 306
953 2231 993 2263 σὺ
1009 2230 1035 2262 δ’
1054 2230 1109 2262 οὖν
1124 2230 1156 2260 Α
1170 2231 1249 2262 LP:
1277 2231 1317 2262 σὺ
1341 2230 1368 2262 δ’
1387 2229 1424 2262 αὖ
1440 2230 1470 2259 V
1482 2229 1509 2259 B

184 2273 227 2312 μὴ
241 2273 274 2304 τί
290 2296 298 2303 .
318 2296 325 2304 .
346 2296 353 2303 .
371 2272 490 2315 πάθῃς,
507 2274 643 2313 scripsi:
661 2274 705 2314 μή
718 2287 751 2306 τι
768 2298 775 2307 .
794 2298 801 2306 ,
819 2297 827 2305 .
847 2274 949 2317 πάθῃς
960 2274 1057 2305 codd.
1076 2273 1213 2317 (πάθῃς,
1230 2273 1274 2313 B)
1359 2283 1422 2312 307
1440 2272 1510 2313 ἔχει

184 2329 235 2355 μοι
255 2316 279 2346 L
293 2316 318 2346 P
330 2315 380 2346 B·-
406 2317 512 2357 ἔχοιμι
528 2317 601 2348 AV
