<?xml version="1.0" encoding="UTF-8"?>
<!DOCTYPE html PUBLIC "-//W3C//DTD XHTML 1.0 Transitional//EN"
    "http://www.w3.org/TR/xhtml1/DTD/xhtml1-transitional.dtd">
<html xmlns="http://www.w3.org/1999/xhtml" xml:lang="en" lang="en">
 <head>
  <title>
</title>
<meta http-equiv="Content-Type" content="text/html;charset=utf-8" />
  <meta name='ocr-system' content='tesseract 3.04.00' />
  <meta name='ocr-capabilities' content='ocr_page ocr_carea ocr_par ocr_line ocrx_word'/>
</head>
<body>
  <div class='ocr_page' id='page_1' title='image "./euripidisfabulae01euriuoft_0093.png"; bbox 0 0 1683 2732; ppageno 0'>
   <div class='ocr_carea' id='block_1_1' title="bbox 685 85 1000 123">
    <p class='ocr_par' dir='ltr' id='par_1_1' title="bbox 685 85 1000 123">
     <span class='ocr_line' id='line_1_1' title="bbox 685 85 1000 123; baseline 0 -1"><span class='ocrx_word' id='word_1_1' title='bbox 685 85 1000 123; x_wconf 83' lang='grc' dir='ltr'>ΑΛΚΗΣΤΙΣ</span> 
     </span>
    </p>
   </div>
   <div class='ocr_carea' id='block_1_2' title="bbox 283 186 1510 1572">
    <p class='ocr_par' dir='ltr' id='par_1_2' title="bbox 284 186 1186 239">
     <span class='ocr_line' id='line_1_2' title="bbox 284 186 1186 239; baseline -0.001 -11"><span class='ocrx_word' id='word_1_2' title='bbox 284 191 366 229; x_wconf 86' lang='grc' dir='ltr'>πῶς</span> <span class='ocrx_word' id='word_1_3' title='bbox 391 190 465 239; x_wconf 82' lang='grc' dir='ltr'>γὰρ</span> <span class='ocrx_word' id='word_1_4' title='bbox 488 189 618 239; x_wconf 82' lang='grc' dir='ltr'>δόμων</span> <span class='ocrx_word' id='word_1_5' title='bbox 641 187 753 228; x_wconf 90' lang='grc' dir='ltr'>τῶνδ’</span> <span class='ocrx_word' id='word_1_6' title='bbox 778 187 956 228; x_wconf 81' lang='grc' dir='ltr'>εἰσόδους</span> <span class='ocrx_word' id='word_1_7' title='bbox 981 186 1186 238; x_wconf 81' lang='grc' dir='ltr'>ἀνέξομαι,·</span> 
     </span>
    </p>

    <p class='ocr_par' dir='ltr' id='par_1_3' title="bbox 283 253 1227 306">
     <span class='ocr_line' id='line_1_3' title="bbox 283 253 1227 306; baseline -0.001 -13"><span class='ocrx_word' id='word_1_8' title='bbox 283 253 356 294; x_wconf 83' lang='grc' dir='ltr'>τίν’</span> <span class='ocrx_word' id='word_1_9' title='bbox 381 253 430 295; x_wconf 78' lang='grc' dir='ltr'>ἂν</span> <span class='ocrx_word' id='word_1_10' title='bbox 454 254 693 306; x_wconf 85' lang='grc' dir='ltr'>προσειπών,</span> <span class='ocrx_word' id='word_1_11' title='bbox 721 257 790 294; x_wconf 83' lang='grc' dir='ltr'>τοῦ</span> <span class='ocrx_word' id='word_1_12' title='bbox 813 255 855 294; x_wconf 83' lang='grc' dir='ltr'>δὲ</span> <span class='ocrx_word' id='word_1_13' title='bbox 880 254 1117 305; x_wconf 86' lang='grc' dir='ltr'>προσρηθεὶς</span> <span class='ocrx_word' id='word_1_14' title='bbox 1141 254 1227 299; x_wconf 83' lang='grc' dir='ltr'>ὕπο,</span> 
     </span>
    </p>

    <p class='ocr_par' dir='ltr' id='par_1_4' title="bbox 284 319 1227 374">
     <span class='ocr_line' id='line_1_4' title="bbox 284 319 1227 374; baseline 0.001 -15"><span class='ocrx_word' id='word_1_15' title='bbox 284 323 451 372; x_wconf 80' lang='grc' dir='ltr'>τερπνῆς</span> <span class='ocrx_word' id='word_1_16' title='bbox 474 320 628 374; x_wconf 81' lang='grc' dir='ltr'>τύχοιμ’</span> <span class='ocrx_word' id='word_1_17' title='bbox 652 320 700 361; x_wconf 81' lang='grc' dir='ltr'>ἂν</span> <span class='ocrx_word' id='word_1_18' title='bbox 726 320 860 371; x_wconf 78' lang='grc' dir='ltr'>ἐξόδου</span> <span class='ocrx_word' id='word_1_19' title='bbox 868 336 881 367; x_wconf 87' lang='lat'>‚·</span> <span class='ocrx_word' id='word_1_20' title='bbox 919 323 989 361; x_wconf 92' lang='grc' dir='ltr'>ποῖ</span> <span class='ocrx_word' id='word_1_21' title='bbox 1011 319 1227 372; x_wconf 83' lang='grc' dir='ltr'>τρέψομαι,·</span> 
     </span>
    </p>

    <p class='ocr_par' dir='ltr' id='par_1_5' title="bbox 283 386 1021 442">
     <span class='ocr_line' id='line_1_5' title="bbox 283 386 1021 442; baseline 0 -15"><span class='ocrx_word' id='word_1_22' title='bbox 283 386 306 437; x_wconf 85' lang='grc' dir='ltr'>ἡ</span> <span class='ocrx_word' id='word_1_23' title='bbox 331 389 403 437; x_wconf 83' lang='grc' dir='ltr'>μὲν</span> <span class='ocrx_word' id='word_1_24' title='bbox 427 388 501 439; x_wconf 81' lang='grc' dir='ltr'>γὰρ</span> <span class='ocrx_word' id='word_1_25' title='bbox 526 387 639 428; x_wconf 86' lang='grc' dir='ltr'>ἔνδον</span> <span class='ocrx_word' id='word_1_26' title='bbox 664 386 783 442; x_wconf 75' lang='grc' dir='ltr'>ἐξελᾷ</span> <span class='ocrx_word' id='word_1_27' title='bbox 805 386 844 438; x_wconf 84' lang='grc' dir='ltr'>μ’</span> <span class='ocrx_word' id='word_1_28' title='bbox 871 387 1021 439; x_wconf 84' lang='grc' dir='ltr'>ἐρημία,</span> 
     </span>
    </p>

    <p class='ocr_par' dir='ltr' id='par_1_6' title="bbox 283 452 1507 572">
     <span class='ocr_line' id='line_1_6' title="bbox 283 452 1507 505; baseline 0.001 -12"><span class='ocrx_word' id='word_1_29' title='bbox 283 452 466 505; x_wconf 86' lang='grc' dir='ltr'>γυναικὸς</span> <span class='ocrx_word' id='word_1_30' title='bbox 489 453 603 496; x_wconf 82' lang='grc' dir='ltr'>εὐνᾶς</span> <span class='ocrx_word' id='word_1_31' title='bbox 629 453 705 494; x_wconf 74' lang='grc' dir='ltr'>εὖτ’</span> <span class='ocrx_word' id='word_1_32' title='bbox 730 453 778 494; x_wconf 82' lang='grc' dir='ltr'>ἂν</span> <span class='ocrx_word' id='word_1_33' title='bbox 803 453 937 494; x_wconf 82' lang='grc' dir='ltr'>εἰσίδω</span> <span class='ocrx_word' id='word_1_34' title='bbox 964 455 1076 495; x_wconf 79' lang='grc' dir='ltr'>κενὰς</span> <span class='ocrx_word' id='word_1_35' title='bbox 1446 466 1507 498; x_wconf 79' lang='grc'>945</span> 
     </span>
     <span class='ocr_line' id='line_1_7' title="bbox 285 519 1178 572; baseline 0.001 -12"><span class='ocrx_word' id='word_1_36' title='bbox 285 520 445 572; x_wconf 84' lang='grc' dir='ltr'>θρόνους</span> <span class='ocrx_word' id='word_1_37' title='bbox 469 519 502 559; x_wconf 83' lang='grc' dir='ltr'>τ’</span> <span class='ocrx_word' id='word_1_38' title='bbox 527 521 568 561; x_wconf 86' lang='grc' dir='ltr'>ἐν</span> <span class='ocrx_word' id='word_1_39' title='bbox 594 521 700 561; x_wconf 81' lang='grc' dir='ltr'>οῖσιν</span> <span class='ocrx_word' id='word_1_40' title='bbox 724 521 793 570; x_wconf 77' lang='grc' dir='ltr'>ἷζε,</span> <span class='ocrx_word' id='word_1_41' title='bbox 821 520 884 560; x_wconf 85' lang='grc' dir='ltr'>καὶ</span> <span class='ocrx_word' id='word_1_42' title='bbox 909 521 1006 560; x_wconf 82' lang='grc' dir='ltr'>κατὰ</span> <span class='ocrx_word' id='word_1_43' title='bbox 1031 519 1178 572; x_wconf 82' lang='grc' dir='ltr'>στέγας</span> 
     </span>
    </p>

    <p class='ocr_par' dir='ltr' id='par_1_7' title="bbox 285 586 1161 640">
     <span class='ocr_line' id='line_1_8' title="bbox 285 586 1161 640; baseline 0.001 -14"><span class='ocrx_word' id='word_1_44' title='bbox 285 586 487 640; x_wconf 81' lang='grc' dir='ltr'>αὐχμηρὸν</span> <span class='ocrx_word' id='word_1_45' title='bbox 512 586 639 634; x_wconf 76' lang='grc' dir='ltr'>οὖδας,</span> <span class='ocrx_word' id='word_1_46' title='bbox 666 586 784 628; x_wconf 88' lang='grc' dir='ltr'>τέκνα</span> <span class='ocrx_word' id='word_1_47' title='bbox 807 586 841 627; x_wconf 79' lang='grc' dir='ltr'>δ’</span> <span class='ocrx_word' id='word_1_48' title='bbox 867 586 969 639; x_wconf 82' lang='grc' dir='ltr'>ἀμφὶ</span> <span class='ocrx_word' id='word_1_49' title='bbox 993 587 1161 639; x_wconf 84' lang='grc' dir='ltr'>γούνασι</span> 
     </span>
    </p>

    <p class='ocr_par' dir='ltr' id='par_1_8' title="bbox 283 653 1140 710">
     <span class='ocr_line' id='line_1_9' title="bbox 283 653 1140 710; baseline 0 -16"><span class='ocrx_word' id='word_1_50' title='bbox 283 654 480 694; x_wconf 82' lang='grc' dir='ltr'>πίπτοντα</span> <span class='ocrx_word' id='word_1_51' title='bbox 504 655 621 710; x_wconf 86' lang='grc' dir='ltr'>κλαίῃ</span> <span class='ocrx_word' id='word_1_52' title='bbox 644 653 793 706; x_wconf 82' lang='grc' dir='ltr'>μητέρ’,</span> <span class='ocrx_word' id='word_1_53' title='bbox 820 653 857 694; x_wconf 79' lang='grc' dir='ltr'>οἳ</span> <span class='ocrx_word' id='word_1_54' title='bbox 882 656 924 694; x_wconf 83' lang='grc' dir='ltr'>δὲ</span> <span class='ocrx_word' id='word_1_55' title='bbox 949 654 1140 695; x_wconf 86' lang='grc' dir='ltr'>δεσπότιν</span> 
     </span>
    </p>

    <p class='ocr_par' dir='ltr' id='par_1_9' title="bbox 284 719 1068 772">
     <span class='ocr_line' id='line_1_10' title="bbox 284 719 1068 772; baseline 0.003 -13"><span class='ocrx_word' id='word_1_56' title='bbox 284 719 481 761; x_wconf 86' lang='grc' dir='ltr'>στένωσιν</span> <span class='ocrx_word' id='word_1_57' title='bbox 504 721 591 761; x_wconf 86' lang='grc' dir='ltr'>οἵαν</span> <span class='ocrx_word' id='word_1_58' title='bbox 618 721 659 761; x_wconf 82' lang='grc' dir='ltr'>ἐκ</span> <span class='ocrx_word' id='word_1_59' title='bbox 683 721 816 772; x_wconf 88' lang='grc' dir='ltr'>δόμων</span> <span class='ocrx_word' id='word_1_60' title='bbox 840 721 1068 761; x_wconf 83' lang='grc' dir='ltr'>ἀπώλεσαν.</span> 
     </span>
    </p>

    <p class='ocr_par' dir='ltr' id='par_1_10' title="bbox 283 785 1508 974">
     <span class='ocr_line' id='line_1_11' title="bbox 283 785 1508 838; baseline 0.001 -12"><span class='ocrx_word' id='word_1_61' title='bbox 283 787 332 827; x_wconf 82' lang='grc' dir='ltr'>τὰ</span> <span class='ocrx_word' id='word_1_62' title='bbox 353 788 427 838; x_wconf 78' lang='grc' dir='ltr'>μὲν</span> <span class='ocrx_word' id='word_1_63' title='bbox 453 786 534 826; x_wconf 84' lang='grc' dir='ltr'>κατ’</span> <span class='ocrx_word' id='word_1_64' title='bbox 562 788 690 836; x_wconf 78' lang='grc' dir='ltr'>οἴκους</span> <span class='ocrx_word' id='word_1_65' title='bbox 715 786 852 827; x_wconf 84' lang='grc' dir='ltr'>τοιάδ’·</span> <span class='ocrx_word' id='word_1_66' title='bbox 890 785 1034 837; x_wconf 77' lang='grc' dir='ltr'>ἔξωθεν</span> <span class='ocrx_word' id='word_1_67' title='bbox 1059 785 1102 827; x_wconf 86' lang='grc' dir='ltr'>δέ</span> <span class='ocrx_word' id='word_1_68' title='bbox 1125 803 1174 838; x_wconf 89' lang='grc' dir='ltr'>με</span> <span class='ocrx_word' id='word_1_69' title='bbox 1444 800 1508 831; x_wconf 86' lang='grc'>950</span> 
     </span>
     <span class='ocr_line' id='line_1_12' title="bbox 284 851 1170 906; baseline 0 -13"><span class='ocrx_word' id='word_1_70' title='bbox 284 852 404 905; x_wconf 82' lang='grc' dir='ltr'>γάμοι</span> <span class='ocrx_word' id='word_1_71' title='bbox 427 853 459 893; x_wconf 83' lang='grc' dir='ltr'>τ’</span> <span class='ocrx_word' id='word_1_72' title='bbox 486 855 611 894; x_wconf 85' lang='grc' dir='ltr'>ἐλῶσι</span> <span class='ocrx_word' id='word_1_73' title='bbox 636 856 866 895; x_wconf 88' lang='grc' dir='ltr'>Θεσσαλῶν</span> <span class='ocrx_word' id='word_1_74' title='bbox 892 853 955 894; x_wconf 83' lang='grc' dir='ltr'>καὶ</span> <span class='ocrx_word' id='word_1_75' title='bbox 979 851 1170 906; x_wconf 81' lang='grc' dir='ltr'>ξύλλογοι</span> 
     </span>
     <span class='ocr_line' id='line_1_13' title="bbox 285 920 1064 974; baseline 0 -14"><span class='ocrx_word' id='word_1_76' title='bbox 285 923 624 972; x_wconf 88' lang='grc' dir='ltr'>γυναικοπληθεῖς·</span> <span class='ocrx_word' id='word_1_77' title='bbox 662 921 707 962; x_wconf 86' lang='grc' dir='ltr'>οὐ</span> <span class='ocrx_word' id='word_1_78' title='bbox 730 922 806 974; x_wconf 77' lang='grc' dir='ltr'>γὰρ</span> <span class='ocrx_word' id='word_1_79' title='bbox 832 920 1064 971; x_wconf 80' lang='grc' dir='ltr'>ἐξανέξομαι</span> 
     </span>
    </p>

    <p class='ocr_par' dir='ltr' id='par_1_11' title="bbox 284 986 1131 1039">
     <span class='ocr_line' id='line_1_14' title="bbox 284 986 1131 1039; baseline 0.001 -13"><span class='ocrx_word' id='word_1_80' title='bbox 284 986 472 1028; x_wconf 85' lang='grc' dir='ltr'>λεύσσων</span> <span class='ocrx_word' id='word_1_81' title='bbox 496 986 690 1039; x_wconf 87' lang='grc' dir='ltr'>δάμαρτος</span> <span class='ocrx_word' id='word_1_82' title='bbox 715 990 785 1038; x_wconf 87' lang='grc' dir='ltr'>τῆς</span> <span class='ocrx_word' id='word_1_83' title='bbox 810 989 904 1038; x_wconf 82' lang='grc' dir='ltr'>ἐμῆς</span> <span class='ocrx_word' id='word_1_84' title='bbox 928 986 1131 1038; x_wconf 81' lang='grc' dir='ltr'>ὁμήλικας.</span> 
     </span>
    </p>

    <p class='ocr_par' dir='ltr' id='par_1_12' title="bbox 286 1052 1133 1107">
     <span class='ocr_line' id='line_1_15' title="bbox 286 1052 1133 1107; baseline 0.001 -15"><span class='ocrx_word' id='word_1_85' title='bbox 286 1054 367 1104; x_wconf 82' lang='grc' dir='ltr'>ἐρεῖ</span> <span class='ocrx_word' id='word_1_86' title='bbox 388 1052 431 1094; x_wconf 86' lang='grc' dir='ltr'>δέ</span> <span class='ocrx_word' id='word_1_87' title='bbox 453 1053 493 1104; x_wconf 85' lang='grc' dir='ltr'>μ’</span> <span class='ocrx_word' id='word_1_88' title='bbox 518 1054 629 1096; x_wconf 87' lang='grc' dir='ltr'>ὅστις</span> <span class='ocrx_word' id='word_1_89' title='bbox 655 1053 796 1107; x_wconf 85' lang='grc' dir='ltr'>ἐχθρὸς</span> <span class='ocrx_word' id='word_1_90' title='bbox 821 1053 874 1094; x_wconf 80' lang='grc' dir='ltr'>ὢν</span> <span class='ocrx_word' id='word_1_91' title='bbox 901 1057 1008 1105; x_wconf 81' lang='grc' dir='ltr'>κυρεῖ</span> <span class='ocrx_word' id='word_1_92' title='bbox 1029 1053 1133 1093; x_wconf 87' lang='grc' dir='ltr'>τάδε·</span> 
     </span>
    </p>

    <p class='ocr_par' dir='ltr' id='par_1_13' title="bbox 285 1118 1509 1241">
     <span class='ocr_line' id='line_1_16' title="bbox 287 1118 1509 1172; baseline 0.002 -14"><span class='ocrx_word' id='word_1_93' title='bbox 287 1118 390 1159; x_wconf 83' lang='grc' dir='ltr'>Ἰδοῧ</span> <span class='ocrx_word' id='word_1_94' title='bbox 413 1119 482 1159; x_wconf 83' lang='grc' dir='ltr'>τὸν</span> <span class='ocrx_word' id='word_1_95' title='bbox 506 1121 683 1172; x_wconf 80' lang='grc' dir='ltr'>αἰσχρῶς</span> <span class='ocrx_word' id='word_1_96' title='bbox 711 1119 834 1169; x_wconf 75' lang='grc' dir='ltr'>ζῶνθ’,</span> <span class='ocrx_word' id='word_1_97' title='bbox 862 1119 904 1162; x_wconf 80' lang='grc' dir='ltr'>ὃς</span> <span class='ocrx_word' id='word_1_98' title='bbox 928 1121 997 1161; x_wconf 85' lang='grc' dir='ltr'>οὐκ</span> <span class='ocrx_word' id='word_1_99' title='bbox 1023 1120 1117 1170; x_wconf 83' lang='grc' dir='ltr'>ἔτλη</span> <span class='ocrx_word' id='word_1_100' title='bbox 1143 1122 1288 1165; x_wconf 86' lang='grc' dir='ltr'>θανεῖν,</span> <span class='ocrx_word' id='word_1_101' title='bbox 1447 1133 1509 1164; x_wconf 88' lang='grc'>955</span> 
     </span>
     <span class='ocr_line' id='line_1_17' title="bbox 285 1184 1001 1241; baseline 0.003 -16"><span class='ocrx_word' id='word_1_102' title='bbox 285 1185 376 1225; x_wconf 79' lang='grc' dir='ltr'>ἀλλ’</span> <span class='ocrx_word' id='word_1_103' title='bbox 399 1184 448 1235; x_wconf 82' lang='grc' dir='ltr'>ἣν</span> <span class='ocrx_word' id='word_1_104' title='bbox 473 1185 617 1238; x_wconf 83' lang='grc' dir='ltr'>ἔγημεν</span> <span class='ocrx_word' id='word_1_105' title='bbox 642 1186 820 1228; x_wconf 83' lang='grc' dir='ltr'>ἀντιδοὺς</span> <span class='ocrx_word' id='word_1_106' title='bbox 843 1187 1001 1241; x_wconf 75' lang='grc' dir='ltr'>ἀψυχίᾳ</span> 
     </span>
    </p>

    <p class='ocr_par' dir='ltr' id='par_1_14' title="bbox 286 1251 1160 1305">
     <span class='ocr_line' id='line_1_18' title="bbox 286 1251 1160 1305; baseline 0.001 -13"><span class='ocrx_word' id='word_1_107' title='bbox 286 1252 485 1304; x_wconf 87' lang='grc' dir='ltr'>πέφευγεν</span> <span class='ocrx_word' id='word_1_108' title='bbox 502 1251 657 1303; x_wconf 71' lang='grc' dir='ltr'>“Αιδην·</span> <span class='ocrx_word' id='word_1_109' title='bbox 696 1252 765 1294; x_wconf 73' lang='grc' dir='ltr'>εἶτ’</span> <span class='ocrx_word' id='word_1_110' title='bbox 788 1253 886 1305; x_wconf 79' lang='grc' dir='ltr'>ἀνὴρ</span> <span class='ocrx_word' id='word_1_111' title='bbox 914 1253 1013 1293; x_wconf 83' lang='grc' dir='ltr'>εῖναι</span> <span class='ocrx_word' id='word_1_112' title='bbox 1038 1256 1160 1299; x_wconf 82' lang='grc' dir='ltr'>δοκεῖ,-</span> 
     </span>
    </p>

    <p class='ocr_par' dir='ltr' id='par_1_15' title="bbox 286 1318 1190 1370">
     <span class='ocr_line' id='line_1_19' title="bbox 286 1318 1190 1370; baseline 0.001 -12"><span class='ocrx_word' id='word_1_113' title='bbox 286 1322 427 1370; x_wconf 89' lang='grc' dir='ltr'>στυγεῖ</span> <span class='ocrx_word' id='word_1_114' title='bbox 448 1320 491 1359; x_wconf 79' lang='grc' dir='ltr'>δὲ</span> <span class='ocrx_word' id='word_1_115' title='bbox 514 1318 603 1361; x_wconf 79' lang='grc' dir='ltr'>τοὺς</span> <span class='ocrx_word' id='word_1_116' title='bbox 628 1320 824 1365; x_wconf 86' lang='grc' dir='ltr'>τεκόντας,</span> <span class='ocrx_word' id='word_1_117' title='bbox 853 1319 968 1361; x_wconf 81' lang='grc' dir='ltr'>αὐτὸς</span> <span class='ocrx_word' id='word_1_118' title='bbox 992 1319 1036 1359; x_wconf 87' lang='grc' dir='ltr'>οὐ</span> <span class='ocrx_word' id='word_1_119' title='bbox 1062 1319 1190 1359; x_wconf 85' lang='grc' dir='ltr'>θέλων</span> 
     </span>
    </p>

    <p class='ocr_par' dir='ltr' id='par_1_16' title="bbox 285 1384 1160 1438">
     <span class='ocr_line' id='line_1_20' title="bbox 285 1384 1160 1438; baseline 0.001 -14"><span class='ocrx_word' id='word_1_120' title='bbox 285 1386 431 1426; x_wconf 87' lang='grc' dir='ltr'>θανεῖν.</span> <span class='ocrx_word' id='word_1_121' title='bbox 502 1384 656 1426; x_wconf 87' lang='grc' dir='ltr'>τοιάνδε</span> <span class='ocrx_word' id='word_1_122' title='bbox 680 1385 777 1438; x_wconf 85' lang='grc' dir='ltr'>πρὸς</span> <span class='ocrx_word' id='word_1_123' title='bbox 805 1389 960 1426; x_wconf 90' lang='grc' dir='ltr'>κακοῖσι</span> <span class='ocrx_word' id='word_1_124' title='bbox 987 1387 1160 1436; x_wconf 88' lang='grc' dir='ltr'>κληδόνα</span> 
     </span>
    </p>

    <p class='ocr_par' dir='ltr' id='par_1_17' title="bbox 285 1449 1510 1572">
     <span class='ocr_line' id='line_1_21' title="bbox 285 1449 1510 1505; baseline 0.002 -14"><span class='ocrx_word' id='word_1_125' title='bbox 285 1449 374 1500; x_wconf 77' lang='grc' dir='ltr'>ἔξω.</span> <span class='ocrx_word' id='word_1_126' title='bbox 445 1452 487 1492; x_wconf 91' lang='grc' dir='ltr'>τί</span> <span class='ocrx_word' id='word_1_127' title='bbox 506 1468 572 1502; x_wconf 91' lang='grc' dir='ltr'>μοι</span> <span class='ocrx_word' id='word_1_128' title='bbox 599 1452 672 1502; x_wconf 82' lang='grc' dir='ltr'>ζῆν</span> <span class='ocrx_word' id='word_1_129' title='bbox 697 1454 793 1502; x_wconf 85' lang='grc' dir='ltr'>δῆτα</span> <span class='ocrx_word' id='word_1_130' title='bbox 818 1452 983 1505; x_wconf 88' lang='grc' dir='ltr'>κέρδιον,</span> <span class='ocrx_word' id='word_1_131' title='bbox 1012 1454 1137 1505; x_wconf 80' lang='grc' dir='ltr'>φίλοι,</span> <span class='ocrx_word' id='word_1_132' title='bbox 1448 1455 1510 1498; x_wconf 84' lang='grc'>960</span> 
     </span>
     <span class='ocr_line' id='line_1_22' title="bbox 285 1518 1097 1572; baseline 0.001 -14"><span class='ocrx_word' id='word_1_133' title='bbox 285 1522 410 1560; x_wconf 86' lang='grc' dir='ltr'>κακῶς</span> <span class='ocrx_word' id='word_1_134' title='bbox 437 1518 593 1559; x_wconf 88' lang='grc' dir='ltr'>κλύοντι</span> <span class='ocrx_word' id='word_1_135' title='bbox 620 1519 682 1559; x_wconf 85' lang='grc' dir='ltr'>καὶ</span> <span class='ocrx_word' id='word_1_136' title='bbox 709 1523 834 1561; x_wconf 89' lang='grc' dir='ltr'>κακῶς</span> <span class='ocrx_word' id='word_1_137' title='bbox 860 1519 1097 1572; x_wconf 84' lang='grc' dir='ltr'>πεπραγότι;</span> 
     </span>
    </p>
   </div>
   <div class='ocr_carea' id='block_1_3' title="bbox 184 1643 1516 2270">
    <p class='ocr_par' dir='ltr' id='par_1_18' title="bbox 184 1643 1516 2270">
     <span class='ocr_line' id='line_1_23' title="bbox 184 1643 1511 1700; baseline 0 -14"><span class='ocrx_word' id='word_1_138' title='bbox 184 1650 257 1687; x_wconf 92' lang='lat' dir='ltr'>Xo.</span> <span class='ocrx_word' id='word_1_139' title='bbox 352 1647 429 1699; x_wconf 81' lang='grc' dir='ltr'>ἐγὼ</span> <span class='ocrx_word' id='word_1_140' title='bbox 457 1647 519 1687; x_wconf 86' lang='grc' dir='ltr'>καὶ</span> <span class='ocrx_word' id='word_1_141' title='bbox 544 1649 607 1688; x_wconf 81' lang='grc' dir='ltr'>διὰ</span> <span class='ocrx_word' id='word_1_142' title='bbox 630 1648 783 1698; x_wconf 86' lang='grc' dir='ltr'>μούσας</span> <span class='ocrx_word' id='word_1_143' title='bbox 1406 1643 1511 1700; x_wconf 86' lang='grc' dir='ltr'>[στρ.</span> 
     </span>
     <span class='ocr_line' id='line_1_24' title="bbox 285 1713 782 1771; baseline 0.002 -18"><span class='ocrx_word' id='word_1_144' title='bbox 285 1714 347 1754; x_wconf 84' lang='grc' dir='ltr'>καὶ</span> <span class='ocrx_word' id='word_1_145' title='bbox 371 1713 582 1767; x_wconf 85' lang='grc' dir='ltr'>μετάρσιος</span> <span class='ocrx_word' id='word_1_146' title='bbox 605 1713 690 1771; x_wconf 79' lang='grc' dir='ltr'>ᾖξα,</span> <span class='ocrx_word' id='word_1_147' title='bbox 719 1714 782 1754; x_wconf 84' lang='grc' dir='ltr'>καὶ</span> 
     </span>
     <span class='ocr_line' id='line_1_25' title="bbox 284 1780 873 1834; baseline 0.002 -13"><span class='ocrx_word' id='word_1_148' title='bbox 284 1780 486 1821; x_wconf 89' lang='grc' dir='ltr'>πλείστων</span> <span class='ocrx_word' id='word_1_149' title='bbox 511 1780 716 1834; x_wconf 79' lang='grc' dir='ltr'>ἁψάμενος</span> <span class='ocrx_word' id='word_1_150' title='bbox 739 1781 873 1834; x_wconf 88' lang='grc' dir='ltr'>λόγων</span> 
     </span>
     <span class='ocr_line' id='line_1_26' title="bbox 353 1847 1510 1900; baseline 0.003 -13"><span class='ocrx_word' id='word_1_151' title='bbox 353 1850 539 1899; x_wconf 86' lang='grc' dir='ltr'>κρεῖσσον</span> <span class='ocrx_word' id='word_1_152' title='bbox 565 1847 676 1889; x_wconf 81' lang='grc' dir='ltr'>οὐδὲν</span> <span class='ocrx_word' id='word_1_153' title='bbox 703 1847 900 1900; x_wconf 85' lang='grc' dir='ltr'>Ἀνάγκας</span> <span class='ocrx_word' id='word_1_154' title='bbox 1446 1851 1510 1893; x_wconf 83' lang='grc'>965</span> 
     </span>
     <span class='ocr_line' id='line_1_27' title="bbox 285 1913 827 1968; baseline 0.002 -14"><span class='ocrx_word' id='word_1_155' title='bbox 285 1913 417 1966; x_wconf 75' lang='grc' dir='ltr'>ηὗρον,</span> <span class='ocrx_word' id='word_1_156' title='bbox 445 1913 533 1955; x_wconf 79' lang='grc' dir='ltr'>οὐδέ</span> <span class='ocrx_word' id='word_1_157' title='bbox 556 1932 592 1955; x_wconf 92' lang='grc' dir='ltr'>τι</span> <span class='ocrx_word' id='word_1_158' title='bbox 619 1914 827 1968; x_wconf 86' lang='grc' dir='ltr'>φάρμακον</span> 
     </span>
     <span class='ocr_line' id='line_1_28' title="bbox 353 1981 928 2038; baseline 0.003 -17"><span class='ocrx_word' id='word_1_159' title='bbox 353 1981 566 2038; x_wconf 82' lang='grc' dir='ltr'>Θρῄσσαις</span> <span class='ocrx_word' id='word_1_160' title='bbox 592 1983 634 2022; x_wconf 83' lang='grc' dir='ltr'>ἐν</span> <span class='ocrx_word' id='word_1_161' title='bbox 660 1983 832 2028; x_wconf 88' lang='grc' dir='ltr'>σανίσιν,</span> <span class='ocrx_word' id='word_1_162' title='bbox 859 1983 928 2024; x_wconf 78' lang='grc' dir='ltr'>τὰς</span> 
     </span>
     <span class='ocr_line' id='line_1_29' title="bbox 351 2047 797 2101; baseline 0.002 -13"><span class='ocrx_word' id='word_1_163' title='bbox 351 2047 522 2101; x_wconf 87' lang='grc' dir='ltr'>Ὀρφεία</span> <span class='ocrx_word' id='word_1_164' title='bbox 548 2047 797 2101; x_wconf 77' lang='grc' dir='ltr'>κατέγραψεν</span> 
     </span>
     <span class='ocr_line' id='line_1_30' title="bbox 229 2140 1516 2182; baseline 0 -10"><span class='ocrx_word' id='word_1_165' title='bbox 229 2150 293 2179; x_wconf 83' lang='grc'>943</span> <span class='ocrx_word' id='word_1_166' title='bbox 319 2140 426 2181; x_wconf 83' lang='grc' dir='ltr'>ἐξόδου</span> <span class='ocrx_word' id='word_1_167' title='bbox 440 2141 606 2180; x_wconf 82' lang='lat' dir='ltr'>Lenting:</span> <span class='ocrx_word' id='word_1_168' title='bbox 633 2141 760 2174; x_wconf 82' lang='grc' dir='ltr'>εἰσόδου</span> <span class='ocrx_word' id='word_1_169' title='bbox 773 2142 952 2174; x_wconf 71' lang='lat' dir='ltr'>codd.et2</span> <span class='ocrx_word' id='word_1_170' title='bbox 1071 2151 1134 2180; x_wconf 79' lang='lat'>944</span> <span class='ocrx_word' id='word_1_171' title='bbox 1160 2142 1256 2182; x_wconf 79' lang='grc' dir='ltr'>ἐξελᾷ</span> <span class='ocrx_word' id='word_1_172' title='bbox 1268 2140 1382 2171; x_wconf 84' lang='lat' dir='ltr'>VBl:</span> <span class='ocrx_word' id='word_1_173' title='bbox 1408 2142 1516 2180; x_wconf 78' lang='grc' dir='ltr'>ἐξελεῖ</span> 
     </span>
     <span class='ocr_line' id='line_1_31' title="bbox 188 2182 1512 2224; baseline 0.001 -12"><span class='ocrx_word' id='word_1_174' title='bbox 188 2182 214 2212; x_wconf 89' lang='grc' dir='ltr'><em>Ρ</em></span> <span class='ocrx_word' id='word_1_175' title='bbox 231 2188 264 2213; x_wconf 90' lang='lat' dir='ltr'>et</span> <span class='ocrx_word' id='word_1_176' title='bbox 280 2184 354 2214; x_wconf 85' lang='lat' dir='ltr'>sine</span> <span class='ocrx_word' id='word_1_177' title='bbox 371 2185 471 2216; x_wconf 83' lang='lat' dir='ltr'>dubio</span> <span class='ocrx_word' id='word_1_178' title='bbox 490 2185 516 2215; x_wconf 92' lang='lat' dir='ltr'>L</span> <span class='ocrx_word' id='word_1_179' title='bbox 649 2186 713 2224; x_wconf 80' lang='lat'>948</span> <span class='ocrx_word' id='word_1_180' title='bbox 738 2186 894 2217; x_wconf 81' lang='grc' dir='ltr'>πίτνοντα</span> <span class='ocrx_word' id='word_1_181' title='bbox 909 2184 1091 2215; x_wconf 81' lang='lat' dir='ltr'><strong>Wecklein</strong></span> <span class='ocrx_word' id='word_1_182' title='bbox 1216 2194 1280 2222; x_wconf 82' lang='lat'>950</span> <span class='ocrx_word' id='word_1_183' title='bbox 1305 2186 1408 2216; x_wconf 72' lang='grc' dir='ltr'>οἴκους</span> <span class='ocrx_word' id='word_1_184' title='bbox 1425 2184 1451 2213; x_wconf 91' lang='lat' dir='ltr'>L</span> <span class='ocrx_word' id='word_1_185' title='bbox 1464 2184 1489 2213; x_wconf 85' lang='grc' dir='ltr'><em>Ρ</em></span> <span class='ocrx_word' id='word_1_186' title='bbox 1505 2195 1512 2214; x_wconf 86' lang='lat'><strong>:</strong></span> 
     </span>
     <span class='ocr_line' id='line_1_32' title="bbox 187 2227 1511 2270; baseline -0.002 -12"><span class='ocrx_word' id='word_1_187' title='bbox 187 2227 274 2258; x_wconf 77' lang='grc' dir='ltr'>οἶκον</span> <span class='ocrx_word' id='word_1_188' title='bbox 293 2227 363 2257; x_wconf 92' lang='lat' dir='ltr'>VB</span> <span class='ocrx_word' id='word_1_189' title='bbox 526 2238 586 2267; x_wconf 79' lang='lat'>951</span> <span class='ocrx_word' id='word_1_190' title='bbox 614 2229 644 2260; x_wconf 88' lang='lat' dir='ltr'>·r’</span> <span class='ocrx_word' id='word_1_191' title='bbox 662 2229 879 2259; x_wconf 83' lang='lat' dir='ltr'>Wakefield:</span> <span class='ocrx_word' id='word_1_192' title='bbox 902 2229 935 2270; x_wconf 60' lang='grc' dir='ltr'>’γ’</span> <span class='ocrx_word' id='word_1_193' title='bbox 954 2229 1052 2259; x_wconf 89' lang='lat' dir='ltr'>codd.</span> <span class='ocrx_word' id='word_1_194' title='bbox 1215 2237 1277 2266; x_wconf 82' lang='lat'>954</span> <span class='ocrx_word' id='word_1_195' title='bbox 1307 2230 1383 2269; x_wconf 82' lang='grc' dir='ltr'>κυρῇ</span> <span class='ocrx_word' id='word_1_196' title='bbox 1407 2227 1511 2257; x_wconf 87' lang='lat' dir='ltr'>Monk</span> 
     </span>
    </p>
   </div>
   <div class='ocr_carea' id='block_1_4' title="bbox 186 2269 1510 2357">
    <p class='ocr_par' dir='ltr' id='par_1_19' title="bbox 186 2269 1510 2357">
     <span class='ocr_line' id='line_1_33' title="bbox 186 2269 1510 2313; baseline -0.002 -11"><span class='ocrx_word' id='word_1_197' title='bbox 186 2279 248 2308; x_wconf 88' lang='lat'>957</span> <span class='ocrx_word' id='word_1_198' title='bbox 286 2270 344 2302; x_wconf 80' lang='grc' dir='ltr'>εἶτ’</span> <span class='ocrx_word' id='word_1_199' title='bbox 372 2271 465 2301; x_wconf 88' lang='lat' dir='ltr'>VB:</span> <span class='ocrx_word' id='word_1_200' title='bbox 501 2272 574 2313; x_wconf 76' lang='grc' dir='ltr'>κᾷτ’</span> <span class='ocrx_word' id='word_1_201' title='bbox 602 2272 666 2302; x_wconf 89' lang='lat' dir='ltr'>LP</span> <span class='ocrx_word' id='word_1_202' title='bbox 820 2274 886 2311; x_wconf 90' lang='lat'>960</span> <span class='ocrx_word' id='word_1_203' title='bbox 921 2271 1045 2313; x_wconf 84' lang='grc' dir='ltr'>κέρδιον</span> <span class='ocrx_word' id='word_1_204' title='bbox 1073 2270 1243 2310; x_wconf 79' lang='lat' dir='ltr'>Purgold:</span> <span class='ocrx_word' id='word_1_205' title='bbox 1280 2269 1388 2303; x_wconf 85' lang='grc' dir='ltr'>κύδιον</span> <span class='ocrx_word' id='word_1_206' title='bbox 1416 2271 1510 2301; x_wconf 89' lang='lat' dir='ltr'>codd.</span> 
     </span>
     <span class='ocr_line' id='line_1_34' title="bbox 186 2313 878 2357; baseline 0 -12"><span class='ocrx_word' id='word_1_207' title='bbox 186 2315 250 2352; x_wconf 87' lang='lat'>964</span> <span class='ocrx_word' id='word_1_208' title='bbox 275 2313 450 2356; x_wconf 72' lang='grc' dir='ltr'>ἁψάμενος]</span> <span class='ocrx_word' id='word_1_209' title='bbox 469 2315 638 2357; x_wconf 79' lang='grc' dir='ltr'>ἀρξάμενος</span> <span class='ocrx_word' id='word_1_210' title='bbox 656 2315 750 2346; x_wconf 84' lang='lat' dir='ltr'>Stob.</span> <span class='ocrx_word' id='word_1_211' title='bbox 769 2315 788 2345; x_wconf 89' lang='lat' dir='ltr'>i.</span> <span class='ocrx_word' id='word_1_212' title='bbox 808 2326 837 2354; x_wconf 84' lang='lat'>4.</span> <span class='ocrx_word' id='word_1_213' title='bbox 858 2325 878 2354; x_wconf 86' lang='lat'><strong>3</strong></span> 
     </span>
    </p>
   </div>
  </div>
 </body>
</html>
