1683 2732
642 99 1011 137 ΙΠΠΟΛΎΤΟΣ

262 201 352 242 ἀλλ’
378 199 426 250 ἐξ
446 202 535 242 ὅτου
560 218 618 244 τις
644 201 804 252 εὐκλεὴς
828 202 1051 254 γενήσεται.

162 271 231 320 Τρ.
257 268 298 308 τί
319 270 599 319 σεμνομυθεῖς;
638 268 682 308 οὐ
705 269 840 320 λόγων
866 268 1124 323 εὐσχημόνων
1416 284 1481 315 490

262 338 323 375 δεῖ
344 334 397 380 σ’,
424 335 530 374 ἀλλὰ
555 335 844 387 τάνδρός-ὡς
867 335 988 388 τάχος
1012 335 1220 382 διοιστέον,

261 400 330 441 τὸν
355 400 468 442 εὐθὺν
493 399 720 451 ἐξειπόντας
745 401 848 453 ἀμφὶ
872 405 946 441 σοῦ
968 402 1105 454 λόγον.

264 469 297 508 εἶ
321 469 394 518 μὲν
418 469 493 519 γὰρ
518 466 565 517 ἣν
592 484 657 507 σοι
681 467 732 518 μὴ
758 466 814 508 ’πὶ
839 472 1064 520 συμφοραῖς
1087 470 1178 519 βίος

262 537 449 580 τοιαῖσδε,
478 534 652 586 σώφρων
677 533 710 574 δ’
735 533 822 574 offo-²
847 535 1059 587 ἐτύγχανες
1083 534 1193 587 γυνή,

263 599 332 640 οὐκ
356 600 403 640 ἄν
428 599 514 640 ποτ’
541 600 653 651 εὐνῆς
678 600 808 653 οὕνεχ’
834 601 976 651 ἡδονῆς
1000 618 1042 642 τε
1068 603 1142 652 σῆς
1417 615 1482 646 495

263 669 468 719 προσῆγον
493 666 540 707 ἄν
566 684 614 708 σε
639 670 761 719 δεῦρο·
798 671 865 708 νῦν
891 667 924 707 δ’
950 668 1056 720 ἀγὼν
1079 667 1202 721 μέγας

264 737 395 774 σῶσαι
418 734 511 784 βίον
537 734 624 780 σόν,
652 733 742 774 κούκ
768 734 986 787 ἐπίφθονον
1010 736 1111 776 τόδε.

164 802 239 840 Φα.
257 798 287 840 ὦ
313 801 421 841 δεινὰ
444 799 598 851 λέξασ’,
625 800 715 854 οὐχὶ
740 802 984 857 συγκλῄσεις
1009 802 1137 853 στόμα

264 867 326 907 καὶ
350 866 402 918 μὴ
427 866 614 918 μεθήσεις
640 867 749 909 αὖθις
773 869 1008 921 αἰσχίστους
1031 869 1196 920 λόγους;

163 935 234 984 Τρ.
261 932 409 987 αἴσχρ’,
437 933 528 974 ἀλλ’
544 934 700 984 ,ἀμείνω
725 938 802 974 τῶν
829 937 958 974 καλῶν
983 933 1065 974 τάδ’
1091 936 1181 975 ἐστί
1203 951 1280 975 σοι.
1421 948 1485 978 500

264 1003 452 1052 κρεῖσσον
477 1002 518 1041 δὲ
543 1000 721 1052 τοῦργον,
749 1001 857 1052 εἴπερ
880 1000 1052 1041 ἐκσώσει
1076 1000 1122 1053 γέ
1147 1018 1205 1047 σε,

263 1062 287 1115 ἦ
312 1066 486 1117 τοῦνομ’,
514 1065 542 1121 ᾧ
575 1066 624 1106 σὺ
650 1069 822 1124 κατθανῇ
846 1066 1101 1119 γαυρουμένη.

165 1134 241 1172 Φα.
263 1133 323 1172 καὶ
348 1131 400 1183 μή
427 1149 474 1173 σε
504 1132 600 1184 πρὸς
626 1133 836 1174 θεῶν-εὗ
858 1133 989 1185 λέγεις
1015 1133 1101 1185 γάρ,
1129 1135 1276 1186 αἰσχρὰ
1303 1132 1402 1174 δέ-

266 1198 365 1250 πέρα
388 1199 542 1254 προβῇς
566 1199 693 1239 τῶνδ’·
732 1199 782 1241 ὡς
807 1200 1072 1252 ὑπείργασμαι
1096 1202 1167 1250 μὲν
1193 1200 1233 1240 εῆ

264 1265 402 1318 ψυχὴν
428 1265 554 1317 ἔρωτι,
581 1265 737 1320 τᾴσχρὰ
762 1265 795 1305 δ’
821 1263 869 1316 ἢν
892 1265 1014 1322 λέγῃς
1041 1270 1180 1311 καλῶς,
1422 1279 1484 1311 505

267 1332 305 1373 ἐς
330 1331 434 1371 τοῦθ’
461 1331 481 1371 δ
508 1331 642 1384 φεύγω
668 1336 734 1372 νῦν
759 1331 1080 1383 ἆναλωθήσομαι.

165 1400 236 1450 Τρ.
264 1399 300 1438 εἴ
322 1415 382 1438 τοι
408 1401 516 1438 δοκεῖ
539 1415 616 1444 σοι,
644 1401 745 1451 χρῆν
769 1400 841 1449 μὲν
865 1398 910 1438 οὔ
936 1398 973 1437 σ’
999 1398 1247 1451 ἁμαρτάνειν·

266 1466 300 1505 εἶ
325 1464 357 1504 δ’
383 1464 461 1510 οὖν,
490 1467 605 1505 πιθοῦ
629 1482 706 1515 μοι·
744 1464 903 1516 δευτέρα
928 1466 1002 1517 γὰρ
1027 1464 1049 1515 ἡ
1076 1464 1201 1518 χάρις.

268 1531 378 1571 ἔστιν
406 1530 487 1571 κατ’
513 1533 640 1572 οἴκους
666 1532 814 1583 φίλτρα
838 1548 903 1581 μοι
929 1529 1138 1583 θελκτήρια

267 1597 421 1650 ἔρωτος,
450 1597 547 1648 ἦλθε
571 1597 605 1637 δ’
630 1597 717 1650 ἄρτι
740 1614 805 1648 μοι
830 1598 986 1650 γνώμης
1012 1598 1107 1646 ἔσω,
1424 1610 1486 1639 510

267 1664 291 1704 ἅ
317 1663 356 1703 σ’
382 1663 461 1704 οὔτ’
487 1663 548 1705 ἐπ’
575 1665 756 1718 αἰσχροῖς
782 1663 862 1705 οὔτ’
888 1665 951 1705 ἐπὶ
976 1663 1118 1720 βλάβῃ
1145 1667 1300 1716 φρενῶν

266 1730 411 1771 παύσει
436 1731 555 1771 νόσου
579 1730 703 1781 τῆσδ’,
730 1727 779 1781 ἣν
805 1730 854 1771 σὺ
873 1730 924 1782 μὴ
949 1730 1043 1786 γένῃ
1071 1729 1179 1779 κακή.

332 1799 393 1837 δεῖ
415 1797 448 1837 δ’
474 1796 520 1848 ἐξ
544 1798 692 1839 ἐκείνου
716 1797 762 1848 δή
788 1815 825 1838 τι
849 1801 916 1838 τοῦ
941 1796 1184 1847 ποθουμένου

268 1867 445 1914 σημεῖον,
470 1861 494 1914 ἢ
519 1864 642 1916 λόγον
667 1864 739 1905 τιν’
765 1861 788 1914 ἢ
813 1864 975 1905 πέπλων
1001 1863 1077 1904 ἄπο

208 1953 461 2027 ‹wigman-7601!
486 1953 518 1984 Μ
533 1952 564 1984 Α
580 1954 605 1984 Ρ
620 1954 653 1984 Η
679 1958 712 1983 et
737 1953 811 1984 fort.
834 1957 876 1987 2:
911 1951 1052 1985 διιστέον
1076 1951 1106 1981 V
1121 1952 1146 1981 L
1161 1949 1187 1980 B
1202 1955 1235 1989 Σ,
1264 1960 1329 1989 quo
1355 1953 1491 1988 recepto

165 2001 266 2036 punct
336 2002 412 2036 post
424 1998 555 2038 τάνδρὸς
570 2007 634 2028 om.
647 1997 764 2027 Nauck
778 2000 811 2027 et
828 1997 853 2026 L
945 2006 1007 2035 493
1025 1993 1099 2034 μὲν]
1113 1995 1156 2033 μὴ
1172 1994 1197 2023 L
1286 2003 1348 2032 495
1367 1992 1453 2032 ἕνεχ’
1466 1992 1491 2022 Ρ

165 2041 230 2079 496
253 2042 396 2081 προῆγον
421 2040 574 2079 Scaliger
743 2041 807 2080 498
833 2040 1032 2081 συγκλήσεις
1058 2038 1154 2068 KA:
1183 2037 1388 2077 συγκλείσας
1414 2035 1485 2066 rell.

166 2092 230 2122 500
254 2087 360 2115 κακῶν
375 2088 454 2114 ante
472 2092 557 2114 corr.
580 2083 612 2113 M
632 2088 664 2114 et
680 2083 711 2113 V
848 2093 907 2121 501
936 2081 1089 2114 ἐκσώσειέ
1106 2093 1141 2112 σε
1162 2080 1187 2110 L
1201 2079 1226 2109 P
1358 2087 1421 2117 503
1444 2080 1487 2117 μή

168 2139 205 2158 σε
223 2126 373 2158 Porson:
398 2126 441 2166 μή
457 2140 497 2167 γε
515 2127 612 2158 codd.
632 2131 665 2157 et
682 2131 705 2159 Σ
834 2126 911 2167 γάρ]
931 2136 992 2156 om.
1014 2125 1046 2154 M
1058 2125 1087 2154 V
1100 2123 1132 2153 H
1154 2122 1225 2163 (μέν
1242 2119 1301 2163 V2)
1435 2121 1485 2161 δέ]

166 2170 243 2202 τάδε
263 2169 295 2199 Μ
472 2179 535 2208 504
565 2169 599 2202 εὖ
616 2170 713 2201 codd.
732 2174 766 2200 et
783 2173 826 2202 Σε
854 2172 888 2200 οὐ
906 2168 1017 2198 Bothe
1195 2167 1258 2204 506
1283 2165 1486 2204 ἁλωθήσομαι

166 2213 238 2244 VN
324 2219 360 2266 r
416 2222 478 2251 507
504 2214 536 2244 εἴ
554 2226 586 2244 τι
610 2212 684 2243 MV
859 2212 922 2250 508
946 2212 1053 2242 πειθοῦ
1072 2209 1103 2239 Μ
1281 2218 1343 2247 510
1368 2209 1436 2248 ἄρτι
1461 2208 1486 2238 δ’

167 2255 246 2294 ἦλθε
266 2256 297 2286 Κ
474 2264 533 2294 511
559 2256 579 2287 ἅ
595 2255 621 2287 θ’
641 2255 687 2285 Μ2
862 2264 923 2293 514
949 2253 1050 2293 λόγον
1069 2252 1099 2281 Μ
1112 2251 1142 2281 Α
1155 2251 1182 2282 Β
1197 2251 1222 2282 L
1234 2252 1282 2282 P:
1313 2250 1421 2291 λόγων
1438 2250 1485 2279 V:

168 2304 224 2330 aut
248 2298 351 2340 λόγον
376 2303 433 2329 aut
460 2298 600 2329 fortasse
626 2299 736 2340 λόγων
762 2302 807 2331 Στ
838 2298 961 2330 πλόκον
991 2295 1117 2326 Reiske
1287 2293 1361 2333 ἄπο]
1389 2292 1485 2324 λάκος

171 2342 297 2373 Reiske
314 2354 320 2372 :
345 2341 402 2374 ὄαν
418 2341 632 2373 Valckenaer
