1683 2732
671 65 921 101 MHAEIA

302 167 367 208 οὓς
391 165 531 217 μήποτ’
558 168 635 219 ἐγὼ
661 167 793 219 φύσας
819 169 970 219 ὄφελον

367 232 463 285 πρὸς
489 237 562 273 σοῦ
585 231 798 285 φθιμένους
825 233 1042 274 ἐπιδέσθαι.

134 337 205 374 Xo.
298 337 461 374 πολλῶν
485 334 623 384 ταμίας
648 333 746 375 Ζεὺς
773 335 814 374 ἐν
839 332 1044 388 Ὀλύμπῳ,
1378 349 1458 380 1415

299 401 432 440 πολλὰ
457 399 490 440 δ’
516 399 696 441 ἀέλπτως
723 401 925 452 κραίνουσι
950 401 1044 441 θεοί·

302 467 363 506 καὶ
387 467 435 506 τὰ
460 465 657 516 δοκηθέντ’
684 465 751 506 οὐκ
777 466 980 517 ἐτελέσθη,

299 536 375 572 τῶν
400 531 432 572 δ’
457 531 658 583 ἀδοκήτων
683 533 804 584 πόρον
828 532 920 585 ηῧρε
945 534 1044 575 θεός.

366 598 506 639 τοιόνδ’
532 598 662 651 ἀπέβη
688 600 777 639 τόδε
802 602 974 652 πρᾶγμα.

180 700 261 730 1413
279 690 455 732 54>erth
473 693 599 732 ὤφελον
612 691 683 722 rell.
762 701 841 730 1414
860 691 1065 732 φθινομένους
1080 692 1139 722 LP
1214 695 1295 731 1416
1313 693 1460 726 ἀέλπτως

134 734 250 766 codd.:
285 735 411 766 ἄελπτα
436 734 528 765 Stob.
560 744 627 765 111.
656 735 677 763 6
856 745 938 774 1419
969 735 1043 767 τόδε
1070 736 1192 766 LPB:
1226 736 1303 768 τόδε
1327 738 1365 768 τὸ
1388 737 1460 767 AV

135 777 173 807 In
199 777 266 807 fine
290 776 386 809 τέλος
412 778 568 819 εὐριπίδου
593 778 723 817 μηδείας
740 777 792 807 V:
824 777 922 810 τέλος
945 779 1077 818 μηδείας
1094 779 1183 811 AL:
1209 779 1306 812 τέλος
1329 781 1459 819 μηδείας

135 820 293 862 εὐριπίδου
325 820 362 851 Β.
428 820 637 859 Subscripsit
670 820 710 851 Βι
742 821 819 862 πρὸς
859 821 995 863 διάφορα
1034 823 1226 863 ἀντίγραφα.
1291 823 1459 854 Διονυσίου

133 862 324 903 ὁλοσχερές“
353 862 404 895 καί
425 877 498 895 τινα
513 867 577 895 τῶν
595 863 742 903 Διδύμου.
793 863 842 895 Cf.
864 865 1147 903 subscriptionem
1166 865 1300 896 Orestis
1318 866 1351 895 in
1370 865 1402 895 M
1419 865 1458 904 B,

131 911 163 936 et
178 906 416 947 Wssamowitz,
433 906 611 939 Herakles¹
627 907 648 939 i.
660 918 692 949 p.
709 917 778 948 199.
830 908 881 940 De
899 914 926 941 Π
945 909 982 940 cs.
997 919 1083 949 quae
1100 909 1141 940 ad
1159 909 1258 940 finem
1277 909 1458 941 Alcestidis

131 954 247 981 notata
265 955 341 981 sunt

206 2378 286 2401 eun.
306 2379 327 2400 ι.
1285 2379 1323 2407 10
