1683 2732
724 103 929 141 EKABH

170 209 247 246 Πλ.
276 206 337 246 καὶ
363 205 489 257 θαῦμά
517 206 551 257 γ’
579 205 705 246 οὐδέν.
777 207 883 246 ἀλλὰ
908 208 964 247 τίς
991 210 1104 259 χρεία
1131 207 1168 246 σ’
1195 210 1306 259 ἐμοῦ,-

266 274 307 313 τί
328 272 445 325 χρῆμ’
473 271 640 324 ἐπέμψω
667 272 734 312 τὸν
762 272 857 322 ἐμὸν
883 275 924 312 ἐκ
950 274 1078 323 δόμων
1105 275 1225 315 πόδα’

169 342 238 379 Εκ.
265 340 364 379 ἴδιον
391 334 558 389 ἐμαυτῆς
583 338 630 388 δή
656 355 693 378 τι
720 338 815 390 πρὸς
842 341 889 379 σὲ
913 339 1113 390 βούλομαι

267 405 330 445 καὶ
355 407 495 446 παῖδας
522 406 646 445 εἰπεῖν
673 404 781 446 σούς·
819 403 993 446 ὀπάονας
1019 405 1062 445 δέ
1084 423 1151 456 μοι

265 472 386 524 χωρὶς
413 470 604 512 κέλευσον
629 471 741 511 τῶνδ’
767 471 988 521 ἀποστῆναι
1014 472 1157 522 δόμων.
1433 479 1496 520 980

168 541 247 578 Πλ.
268 537 436 591 χωρεῖτ’·
476 539 517 578 ἐν
542 538 725 590 ἀσφαλεῖ
747 539 822 590 γὰρ
847 537 907 588 ἥδ’
933 539 1085 590 ἐρημία.

268 605 367 657 φίλη
393 606 464 655 μὲν
490 603 529 644 εἳ
550 604 612 650 σύ,
639 606 866 657 προσφιλὲς
891 604 933 645 δέ
958 622 1024 655 μοι
1049 606 1139 645 τόδε

268 670 477 723 στράτευμ’
503 670 689 723 Ἀχαιῶν.
757 671 864 711 ἀλλὰ
891 672 1098 722 σημαίνειν
1124 674 1170 713 σὲ
1196 674 1310 726 χρῆν·

267 739 307 778 τί
329 737 404 790 χρὴ
429 737 497 777 τὸν
522 737 563 777 εὖ
588 736 824 789 πράσσοντα
847 737 899 788 μὴ
926 738 1182 790 πράσσουσιν
1207 740 1248 779 εὖ

269 805 403 856 φίλοις
428 805 631 856 ἐπαρκεῖν,·
671 803 722 845 ὡς
747 804 902 854 ἕτοιμός
928 804 1002 855 εἶμ’
1029 805 1120 857 ἐγώ.
1432 810 1494 851 985

170 873 240 910 Εκ.
268 875 423 922 πρῶτον
447 873 521 921 μὲν
547 871 631 910 εἰπὲ
657 869 761 910 παῖδ’
787 869 832 910 ὃν
859 869 905 920 ἐξ
928 872 1022 921 ἐμῆς
1047 871 1163 923 χερὸς

270 938 512 989 Πολύδωρον
539 937 580 977 ἔκ
606 954 649 977 τε
673 936 819 989 πατρὸς
846 937 888 977 ἐν
912 938 1046 987 δόμοις
1072 937 1191 991 ἔχεις,

269 1005 302 1044 εἷ
329 1004 385 1060 ζῇ·
422 1005 471 1044 τὰ
496 1003 529 1044 δ’
553 1003 660 1043 ἄλλα
684 1002 867 1054 δεύτερόν
893 1003 931 1042 σ’
957 1002 1161 1055 ἐρήσομαι.

169 1073 248 1110 Πλ.
269 1069 458 1121 μάλιστα·
495 1069 694 1110 τούκείνου
718 1071 790 1120 μὲν
816 1069 991 1123 εὐτυχεῖς
1015 1070 1144 1122 μέρος.

170 1139 240 1176 Εκ.
268 1133 297 1176 ὦ
324 1135 499 1188 φίλταθ’,
527 1136 577 1178 ὡς
602 1137 644 1176 εὖ
669 1135 812 1186 κᾶξίως
835 1135 968 1189 λέγεις
993 1136 1122 1178 σέθεν.
1432 1151 1497 1184 990

170 1206 250 1243 Πλ.
271 1204 313 1243 τί
333 1204 430 1253 δῆτα
453 1203 585 1259 βούλῃ
610 1202 791 1254 δεύτερον
815 1205 954 1253 μαθεῖν
979 1204 1091 1253 ἐμοῦ,·

172 1273 241 1310 Εκ.
269 1270 302 1310 εἴ,
325 1271 394 1320 τῆς
418 1269 608 1320 τεκούσης
631 1270 752 1319 τῆσδε
779 1300 786 1309 .
815 1300 823 1308 .
852 1299 860 1309 .
887 1268 1084 1320 μέμνηταί
1105 1271 1146 1310 τί
1165 1285 1255 1321 μους

172 1339 251 1376 Πλ.
275 1337 338 1377 καὶ
363 1336 475 1388 δεῦρό
500 1334 535 1388 γ’
562 1335 612 1378 ὡς
639 1337 686 1376 σὲ
712 1335 876 1388 κρύφιος
901 1335 1028 1387 ἐζήτει
1051 1340 1203 1387 μολεῖν.

171 1405 242 1443 Εκ.
268 1402 417 1455 χρυσὸς
443 1404 485 1443 δὲ
511 1406 591 1444 σῶς
617 1401 661 1442 ὃν
685 1400 806 1452 ἦλθεν
831 1403 874 1442 ἐκ
897 1404 1042 1454 Τροίας
1067 1403 1190 1456 ἕχων;

172 1472 252 1509 Πλ.
276 1473 368 1515 σῶς,
397 1469 439 1509 ἐν
464 1470 597 1519 δόμοις
621 1486 667 1521 γε
691 1472 772 1510 τοῖς
797 1470 905 1520 ἐμοῖς
930 1469 1234 1522 φρουρούμενος.
1432 1482 1496 1517 995

174 1539 245 1576 Εκ.
273 1535 407 1576 σῶσόν
433 1552 501 1576 νυν
525 1535 643 1576 αὐτὸν
666 1535 755 1586 μηδ’
781 1535 849 1587 ἔρα
873 1539 950 1576 τῶν
974 1537 1163 1586 πλησίον.

174 1606 253 1643 Πλ.
277 1601 419 1653 ἥκιστ’·
458 1603 623 1653 ὀναίμην
648 1605 716 1641 τοῦ
740 1602 947 1654 παρόντος,
974 1599 1003 1641 ὦ
1029 1603 1155 1655 γύναι.

174 1672 243 1709 Εκ.
275 1668 377 1710 οἶσθ’
403 1668 471 1709 οὖν
495 1669 519 1709 ἃ
542 1667 656 1719 λέξαι
682 1670 750 1709 σοί
772 1686 814 1708 τε
842 1669 903 1709 καὶ
929 1668 1067 1710 παισὶν
1093 1667 1216 1715 θέλω,·

175 1739 255 1776 Πλ.
276 1735 344 1776 οὐκ
370 1735 469 1776 οἶδα·
507 1739 560 1790 τῷ
588 1739 644 1790 σῷ
671 1738 786 1775 τοῦτο
812 1738 1000 1786 σημανεῖς
1025 1737 1146 1789 λόγῳ.

176 1805 247 1843 Εκ.
274 1802 370 1848 ἔστ’,
397 1799 426 1842 ὦ
452 1802 635 1854 φιληθεὶς
661 1801 712 1844 ὡς
738 1802 787 1842 σὺ
813 1805 881 1843 νῦν
908 1802 993 1853 ἐμοὶ
1018 1807 1120 1858 φιλῇ
1146 1833 1153 1842 ,
1183 1833 1190 1841 .
1218 1837 1224 1844 ,
1414 1813 1498 1839 1000

175 1871 256 1908 Πλ.
276 1869 316 1908 τί
338 1867 455 1921 χρῆμ’
480 1868 500 1908 ὃ
527 1869 623 1919 κάμὲ
647 1869 710 1909 καὶ
736 1867 838 1909 τέκν’
864 1868 1006 1909 εἰδέναι
1029 1868 1176 1921 χρεών;

176 1937 246 1975 Εκ.
271 1939 422 1988 χρυσοῦ
446 1936 612 1976 παλαιαὶ
636 1938 865 1988 Πριαμιδῶν
892 1936 1125 1988 κατώρυχες.

176 2004 255 2041 Πλ.
277 2001 382 2042 ταῦτ’
409 2001 495 2042 ἔσθ’
519 2002 544 2042 δι
566 2001 697 2059 βούλῃ
723 2003 832 2043 παιδὶ
857 2004 1030 2053 σημῆναι
1055 2001 1191 2048 σέθεν,·

177 2070 246 2109 Εκ.
273 2067 462 2119 μάλιστα,
489 2070 553 2109 διὰ
579 2072 652 2109 σοῦ
676 2068 725 2121 γ’·
765 2069 802 2109 εῖ
822 2070 896 2122 γὰρ
923 2067 1095 2119 εὐσεβὴς
1120 2066 1229 2120 ἀνήρο

219 2161 284 2200 982
308 2160 871 2201 μὲνεῖᾙΡῑμὲνὴμῖνεῖΜΑΒ
1003 2161 1068 2200 983
1093 2158 1290 2202 χρῆνΜΒῖ
1317 2156 1499 2201 χρὴῙ-,ΡΑ

178 2203 233 2245 (σὲ
250 2206 301 2236 δεῖ
315 2204 453 2234 Brunck
469 2214 475 2234 :
499 2206 605 2246 χρεών
621 2204 728 2243 Weil)
893 2205 956 2243 984
981 2204 1028 2245 τί]
1048 2205 1089 2236 ὡς
1104 2203 1135 2234 Α
1303 2212 1368 2242 990
1392 2201 1500 2242 λέγεις

178 2246 273 2279 σέθεν
290 2247 315 2277 L
333 2258 339 2277 :
364 2246 458 2279 σέθεν
484 2247 595 2288 λέγεις
613 2247 645 2278 Μ
657 2247 688 2277 Α
701 2247 728 2278 Β
743 2246 769 2278 Ρ
901 2257 965 2287 992
989 2248 1023 2278 τί
1045 2260 1098 2287 μοι
1124 2245 1233 2277 Bothe
1249 2256 1255 2276 ε
1279 2246 1313 2277 τί
1335 2259 1394 2277 που
1412 2244 1499 2274 Her-

176 2291 336 2321 werden:
369 2300 561 2321 sermonem
585 2290 726 2322 fractum
751 2291 973 2322 indicavimus
1132 2299 1197 2329 993
1230 2289 1311 2331 δεῦρ’
1336 2289 1353 2320 ὅ
1375 2289 1407 2329 γ’
1433 2288 1458 2317 L
1474 2287 1499 2316 P

176 2334 242 2371 996
265 2331 346 2372 τῶν]
365 2335 420 2364 τοῦ
445 2333 472 2363 Ρ
495 2344 569 2364 curn
596 2334 749 2365 Eustath.
778 2334 815 2365 Il.
842 2343 895 2373 pp.
923 2343 976 2372 52,
999 2343 1070 2373 792,
1095 2343 1185 2372 1312.
1234 2336 1300 2364 τῶν
1323 2333 1380 2363 τοῦ
1401 2330 1498 2362 πέλας

177 2375 270 2406 Weil
401 2377 466 2415 998
490 2376 544 2408 οὖν
560 2386 624 2407 om.
646 2377 672 2406 L
808 2387 891 2408 1000
915 2377 999 2408 ἔστω
1016 2377 1134 2408 codd.:
1160 2385 1246 2406 corr.
1268 2375 1445 2405 Hermann
