1683 2732
653 85 905 123 ΜΗΔΕΙΑ

288 186 353 226 καί
373 202 440 237 μοι
466 185 510 226 τὸ
533 187 605 237 μὲν
632 185 705 226 σὸν
731 186 907 226 ἐκποδὼν
933 185 1036 226 ἔστω
1062 187 1195 239 λόγου’

225 251 359 307 γνώσῃ
384 253 458 304 γὰρ
484 251 580 301 αὐτὴ
609 251 743 301 ζημίας
769 251 1042 303 ἀποστροφήν.

223 319 271 357 τὰ
296 319 416 368 θνητὰ
442 317 474 357 δ’
500 317 544 356 οὐ
569 320 636 357 νῦν
661 320 816 368 πρῶτον
839 316 1007 369 ἡγοῦμαι
1033 318 1162 365 σκιάν,

223 382 302 423 οὐδ’
327 382 375 424 ἂν
398 382 541 435 τρέσας
567 384 714 433 ε’ίποιμι
737 383 827 424 τοὺς
852 383 1005 435 σοφοὺς
1028 388 1186 436 βροτῶν
1364 401 1441 431 1225

223 453 431 492 δοκοῦντας
455 448 555 490 εἶναι
580 450 642 490 καὶ
667 450 903 500 μεριμνητδις
928 450 1062 502 λόγων

222 516 380 557 τούτους
403 517 595 568 μεγίστην
623 515 759 566 ζημίαν
784 515 1059 568 ὀφλισκάνειν.

223 584 373 632 θνητῶν
398 584 473 635 γὰρ
497 582 622 624 οὐδείς
646 583 759 623 ἐστιν
784 581 974 633 εὐδαίμων
999 583 1108 636 ἀνήρ·

223 650 349 700 ὄλβου
375 648 406 689 δ’
432 648 679 702 ἐπιρρυέντος
704 648 985 702 εὐτυχέστερος

222 714 348 755 ἄλλου
374 714 516 768 γένοιτ’
542 714 589 756 ἂν
614 714 749 761 ἄλλος,
777 715 968 766 εὐδαίμων
993 715 1025 755 δ’
1051 715 1099 757 ἂν
1125 717 1181 756 οὔ.
1363 731 1444 760 1230

123 783 195 820 Xo.
224 780 321 834 ἔοιχ’
347 782 367 820 ὁ
392 782 540 832 δαίμων
564 783 698 821 πολλὰ
722 780 804 838 τῇδ’
830 782 872 822 ἐν
896 781 1021 835 ἡμέρᾳ

223 849 320 887 κακὰ
345 845 551 896 ξυνάπτειν
577 849 735 890 ἐνδίκως
759 846 919 887 Ἰάσονι.

222 911 252 953 ὦ
275 916 437 965 τλῆμον,
465 915 517 956 ὥς
542 930 616 954 σου
643 915 849 965 συμφορᾶς
874 914 1106 965 οἰκτίρομεν,

225 980 316 1031 κόρη
345 979 550 1032 Κρέοντος,
577 980 661 1030 ἥτις
687 981 741 1021 εἰς
759 978 897 1019 (Ἀιδου
922 980 1064 1030 δόμους

224 1047 314 1101 οἴχῃ
340 1045 475 1097 γάμων
502 1046 609 1086 ἕκατι
634 1049 711 1085 τῶν
737 1044 927 1086 Ἰάσονος.
1362 1061 1441 1090 1235

127 1115 206 1161 Μη.
225 1113 352 1163 φίλαι,
381 1111 557 1152 δέδοκται
583 1112 747 1164 τοῦργον
773 1112 823 1153 ὡς
848 1110 1020 1164 τάχιστά
1044 1128 1110 1162 μοι

225 1181 365 1219 παῖδας
390 1179 587 1233 κτανούσῃ
613 1177 724 1228 τῆσδ’
751 1178 1007 1229 ἀφορμᾶσθαι
1031 1178 1186 1230 χθονός,

226 1245 285 1284 καὶ
310 1243 361 1294 μὴ
389 1244 545 1297 σχολὴν
570 1243 744 1295 ἄγουσαν
771 1245 947 1283 ἐκδοῦναι
971 1242 1089 1283 τέκνα

224 1309 330 1365 ἄλλῃ
355 1313 549 1361 φονεῦσαι
574 1308 864 1362 δυσμενεστέρᾳ
889 1310 988 1362 χερί.

223 1375 377 1417 πάντως
401 1375 472 1427 σφ’
499 1374 648 1427 ἀνάγκη
676 1377 892 1415 κατθανεῖν·
931 1375 1014 1415 ἐπεὶ
1039 1376 1080 1415 δὲ
1105 1374 1194 1428 χρή,
1360 1389 1445 1420 1240

223 1442 334 1493 ἡμεῖς
360 1445 579 1493 κτενοῦμεν,
608 1442 719 1493 οἵπερ
744 1440 1006 1492 ἐξεφύσαμεν.

224 1507 314 1548 ἀλλ’
341 1507 391 1549 εἶ’
418 1508 591 1557 ὁπλίζου,
621 1508 769 1559 καρδία.
839 1508 880 1547 τί
900 1504 1100 1558 μέλλομεν

224 1576 272 1614 τὰ
298 1576 404 1614 δεινὰ
430 1575 647 1626 κάναγκαῖα
671 1573 723 1625 μὴ
750 1572 949 1625 πράσσειν
976 1572 1093 1619 κακά,·

224 1640 300 1692 ἄγ’,
326 1639 356 1681 ὦ
381 1639 548 1681 τάλαινα
570 1641 659 1694 χεὶρ
683 1638 767 1691 ἐμή,
793 1641 898 1690 λαβὲ
924 1637 1053 1692 ξίφος,

224 1706 333 1758 λάβ’,
362 1707 454 1759 ἕρπε
478 1706 574 1760 πρὸς
599 1709 781 1758 βαλβῖδα
805 1707 983 1758 λυπηρὰν
1006 1707 1111 1757 βίον,
1360 1719 1444 1749 1245

226 1774 288 1813 καὶ
312 1773 364 1824 μὴ
391 1775 580 1830 κακισθῇς
605 1772 692 1823 μηδ’
718 1773 972 1828 ἀναμνησθῇς
996 1771 1154 1818 τέκνων,

227 1839 278 1881 ὡς
301 1839 475 1891 φίλταθ’,
503 1839 553 1881 ὡς
577 1839 736 1881 ἔτικτες·
773 1840 879 1879 ἀλλὰ
903 1837 1017 1888 τήνδε
1041 1855 1087 1890 γε

225 1906 349 1945 λαθοῦ
372 1909 567 1958 βραχεῖαν
592 1904 740 1958 ἡμέραν
766 1906 915 1946 παίδων
942 1904 1071 1951 σέθεν,

173 2005 253 2034 1223
283 1998 394 2039 γνώσῃ
423 1997 519 2027 codd.
548 2001 581 2027 et
610 2001 655 2030 Στ
687 2010 739 2039 γρ.
764 1998 903 2039 ’γλώσσῃ
932 2002 955 2030 Σ
983 1996 1126 2036 (merum
1151 1995 1280 2035 Vitium)
1371 1997 1445 2027 ἀπο-

127 2039 288 2081 στροφήν]
302 2041 520 2082 ἀντιστροφήν
534 2040 613 2071 Chr.
633 2039 702 2070 Pat.
720 2041 796 2078 800,
810 2044 844 2071 et
861 2040 1005 2070 fortasse
1022 2043 1045 2073 Σ
1059 2039 1115 2078 qui
1133 2039 1371 2071 ἆντανάκλασιν
1387 2041 1445 2077 τῆς

127 2085 291 2124 συμφορᾶς
311 2082 581 2124 καταληψομένην
601 2092 649 2115 σε·
676 2083 998 2125 ἐπαναστρεφομένην
1015 2084 1058 2114 εἰς
1081 2081 1119 2114 σὲ
1138 2083 1198 2120 τὴν
1216 2081 1328 2122 ζημίαν
1345 2082 1444 2113 inter-

128 2130 280 2165 pretatur
418 2135 607 2166 1225-1227
632 2127 780 2166 suspecti
800 2127 955 2158 Prinzi0:
980 2125 1089 2166 λόγων
1106 2130 1299 2164 corruptum
1316 2126 1447 2156 videtur

130 2179 210 2208 1227
235 2168 361 2202 τούτοις
376 2169 404 2200 Β
493 2169 605 2210 ζημίαν
621 2170 717 2202 codd.
736 2174 769 2201 et
786 2175 810 2204 Σ
823 2170 849 2200 Β
865 2181 871 2200 :
895 2170 1012 2211 μωρίαν
1024 2168 1152 2199 Aldina
1242 2168 1324 2199 1228
1348 2169 1444 2201 εὐδαί-

125 2225 193 2251 μων
217 2212 310 2254 ἀνήρ]
335 2212 446 2250 ὄλβιος
467 2213 562 2256 φύσει
584 2213 663 2244 Chr.
690 2213 761 2245 Pat.
787 2215 851 2244 800
1029 2222 1110 2252 1232
1133 2211 1301 2253 ξυνάπτειν
1323 2212 1394 2242 AV
1413 2217 1446 2242 et

126 2256 200 2286 sine
224 2256 324 2287 dubio
351 2255 402 2287 L:
433 2256 578 2298 ξυνάψειν
602 2256 692 2287 BPl
841 2267 921 2295 1234
954 2255 1067 2296 δόμους
1093 2255 1178 2286 LP:
1209 2256 1310 2288 πύλας
1333 2255 1443 2285 AVB

131 2309 207 2337 1241
242 2301 415 2339 κτενοῦμεν
437 2299 568 2331 ALP:
600 2303 777 2339 κτανοῦμεν
800 2300 830 2330 V
844 2300 870 2329 B
1021 2308 1101 2339 1247
1133 2300 1173 2331 ὥς
1197 2297 1298 2341 <σφ’>
1321 2298 1445 2331 ἔτικτες

129 2341 265 2372 Brunck
353 2355 393 2383 γε
410 2342 480 2373 AV
492 2343 573 2383 Bp:
598 2355 635 2375 σε
655 2342 680 2373 L
692 2343 718 2373 P
855 2343 936 2381 1248
961 2344 1063 2378 λαβοῦ
1081 2342 1108 2371 V

215 2406 295 2428 sun.
317 2406 338 2427 1.
1300 2399 1317 2426 9
