1683 2732
631 82 1024 120 ANAPOMAXH

261 186 389 226 ἐλθὼν
414 188 586 227 παλαιᾶς
610 183 793 239 χοιράδος
819 189 954 226 κοῖλον
978 186 1105 239 μυχὸν
1409 191 1488 231 1265

261 250 459 303 Σηπιάδος
483 253 577 302 ἵζου·
614 253 732 302 μίμνε
756 251 802 297 δ’,
830 252 913 292 ἔστ’
939 252 987 292 ἂν
1012 251 1058 302 ἐξ
1080 252 1177 295 ἁλὸς

258 323 447 370 λαβοῦσα
470 317 715 369 πεντήκοντα
738 320 933 375 Νηρῄδων
957 318 1078 371 χορὸν

260 386 364 426 ἔλθω
391 384 582 437 κομιστήν
607 401 693 426 σου·
729 384 774 425 τὸ
798 387 873 438 γὰρ
898 384 1155 438 πεπρωμένον

260 455 323 493 δεῖ
344 451 383 491 σ’
410 453 637 503 ἐκκομίζειν·
678 452 775 503 Ζηνὶ
800 453 875 505 γὰρ
901 454 1009 493 δοκεῖ
1030 450 1135 493 τάδε.

258 522 408 559 παῦσαι
432 521 475 560 δὲ
499 520 627 570 λύπης
650 522 727 559 τῶν
752 519 996 570 τεθνηκότων
1019 519 1131 571 ὕπερ·
1407 531 1489 562 1270

259 589 383 626 πᾶσιν
407 603 484 667 γαρ
507 585 774 638 ἀνθρώποισιν
797 586 866 637 ἥδε
891 585 988 638 πρὸς
1012 588 1112 627 θεῶν

258 654 400 705 ψῆφος
425 652 629 705 κέκρανται
655 655 860 693 κατθανεῖν
884 652 917 692 τ’
942 653 1160 705 ὀφείλεται.

160 716 285 769 Πη.
262 722 291 758 ὼ
316 718 456 765 πότνι’,
483 717 512 758 ὠ
537 723 700 771 γενναῖα
725 718 1035 771 συγκοιμήματα,

260 784 425 837 Νηρέως
449 785 652 838 γένεθλον,
678 789 806 839 χαῖρε·
843 789 966 826 ταῦτα
991 785 1022 826 δ’
1048 784 1166 836 ἀξίως

261 854 409 903 σαυτῆς
432 869 475 893 τε
499 856 625 895 ποιεῖς
650 853 712 893 καὶ
736 851 883 893 τέκνων
907 856 985 894 τῶν
1012 854 1054 893 ἐκ
1080 852 1210 894 σέθεν.
1407 864 1488 897 1275

259 919 369 959 παύω
395 921 437 960 δὲ
461 918 591 970 λύπην
617 923 690 959 σοῦ
716 919 966 970 κελευούσης,
994 917 1075 965 θεά,

260 986 322 1026 καὶ
346 986 461 1027 τόνδε
485 984 620 1039 θάψας
645 985 722 1037 εἶμι
748 988 904 1037 Πηλίου
928 984 1091 1039 πτυχάς,

259 1052 380 1105 οὗπερ
405 1052 478 1094 σὸν
505 1053 612 1094 εἶλον
636 1054 753 1106 χερσὶ
779 1051 997 1094 κάλλιστον
1023 1052 1154 1104 δέμας.

261 1118 343 1173 κᾷτ’
369 1119 414 1160 οὐ
437 1123 577 1172 γαμεῖν
603 1119 685 1170 δῆτ’
712 1119 754 1160 ἔκ
778 1137 821 1160 τε
845 1120 1038 1172 γενναίων
1063 1119 1192 1173 χρεὼν

260 1186 397 1226 δοῦναί
418 1185 451 1226 τ’
477 1187 517 1228 ἐς
543 1186 725 1233 ἐσθλούς,
752 1186 864 1228 ὅστις
890 1187 930 1227 εὖ
955 1187 1203 1238 βουλεύεται,
1406 1191 1487 1222 1280

260 1256 386 1293 κακῶν
411 1254 452 1293 δὲ
476 1252 651 1305 λέκτρων
675 1252 727 1303 μὴ
753 1252 951 1304 ’πιθυμίαν
976 1253 1096 1307 ἔχειν,

257 1319 346 1370 μηδ’
373 1320 406 1360 εἰ
433 1319 672 1369 ζαπλούτους
697 1321 850 1361 οἴσεται
875 1321 1023 1373 φερνὰς
1047 1320 1200 1371 δόμοις,·

259 1382 316 1437 [οὐ
339 1384 415 1438 γάρ
439 1385 524 1427 ποτ’
549 1385 597 1427 ἂν
621 1384 810 1439 πράξειαν
836 1388 877 1427 ἐκ
904 1389 1003 1427 θεῶν
1030 1384 1182 1439 κακῶς.]

159 1488 230 1526 Χο.
323 1487 473 1527 πολλαὶ
496 1487 648 1540 μορφαὶ
671 1491 748 1528 τῶν
773 1487 996 1538 δαιμονίων,

325 1554 459 1594 πολλὰ
483 1553 516 1593 δ’
542 1553 724 1596 ἀέλπτως
749 1555 952 1607 κραίνουσι
977 1555 1072 1595 θεοί·
1408 1558 1485 1596 1285

330 1621 391 1661 καὶ
416 1621 464 1660 τὰ
489 1620 690 1671 δοκηθέντ’
716 1620 784 1660 οὐκ
810 1620 1017 1671 ἐτελέσθη,

326 1690 403 1728 τῶν
428 1686 460 1727 δ’
485 1685 686 1737 ἀδοκήτων
711 1688 834 1739 πόρον
859 1687 951 1739 ηῧρε
977 1687 1078 1729 θεός.

391 1753 535 1794 τοιόνδ’
561 1753 692 1805 ἀπέβη
718 1755 807 1795 τόδε
831 1756 1004 1806 πρᾶγμα.

205 1845 288 1875 1268
312 1845 470 1887 κομιστὴρ
482 1845 517 1876 V
530 1845 645 1877 Haun.
668 1845 755 1885 (-την
766 1844 822 1887 vz)
836 1856 841 1876 :
869 1844 959 1885 (-τήν
976 1844 1076 1875 etiam
1093 1845 1130 1883 Σ)
1227 1844 1310 1881 1269
1330 1842 1486 1873 Fortasse

159 1888 234 1926 Ζηνί
249 1901 299 1920 τοι
404 1899 484 1927 1272
508 1889 659 1931 κέκραται
678 1889 703 1919 Ρ
716 1889 746 1919 O
759 1899 778 1919 v
859 1889 889 1919 τ’
908 1898 973 1920 om.
992 1888 1062 1918 AL
1167 1887 1357 1926 1272-1288
1382 1897 1446 1917 om.
1459 1886 1486 1917 B

161 1933 243 1970 1276
265 1931 377 1964 παύσω
395 1931 442 1962 M2
455 1933 569 1963 Haun.
683 1932 787 1971 λύπης
803 1932 833 1963 V
991 1941 1071 1970 1277
1096 1931 1211 1963 πυλίου
1227 1930 1320 1960 AV:
1344 1939 1428 1961 corr
1446 1929 1484 1960 V¹

161 1985 243 2014 1279
267 1976 349 2007 οὕτω
364 1979 480 2017 γαμεῖν
496 1976 725 2007 Wilamowitz
829 1977 858 2008 εἷ
873 1977 936 2018 χρὴ
952 1978 1070 2017 ’γαμεῖν
1086 1975 1150 2016 χρὴ
1167 1975 1209 2006 τὰ
1226 1974 1262 2006 ἔκ
1277 1987 1315 2005 τε
1331 1974 1486 2014 γενναίων

156 2021 273 2060 γαμεῖν
285 2019 380 2050 Stob.
394 2030 443 2058 72.
458 2030 478 2058 3
565 2021 647 2051 1280
664 2022 695 2052 ἐς
707 2030 772 2051 om.
783 2019 848 2050 VL
935 2019 1090 2057 βούλεται
1101 2017 1179 2048 AV
1273 2018 1354 2047 1282
1373 2016 1486 2056 ζαχρύ-

158 2074 233 2094 trous
247 2062 341 2094 Stob
358 2063 376 2094 l
391 2073 418 2094 c.
566 2064 728 2095 εισεταιΙ,
818 2063 984 2103 δόμουςλῖῑ
1006 2072 1092 2092 corr.
1110 2061 1150 2090 V²
1299 2061 1380 2098 1283
1398 2060 1441 2091 H.
1456 2070 1485 2091 v.

159 2106 192 2136 in
218 2106 291 2136 loco
317 2116 359 2136 ex
381 2106 529 2146 Antiope
554 2107 653 2138 citato
678 2107 781 2137 habet
806 2106 975 2146 Stob.70.
1004 2116 1042 2135 10
1065 2107 1095 2137 ἐς
1119 2103 1216 2136 τέλος
1241 2107 1344 2136 κακῶς
1368 2104 1486 2142 legens

157 2153 262 2181 καλῶς
278 2149 329 2180 V2.
388 2150 545 2181 Fortasse
562 2151 591 2182 οἴ
608 2153 643 2182 ἐκ
661 2154 739 2182 θεῶν
755 2150 936 2189 legendum
1071 2148 1281 2187 Subscriptio
1298 2158 1337 2177 ex
1341 2148 1435 2177 anuit
1452 2147 1484 2176 in

157 2191 202 2223 Μ.
248 2192 345 2225 τέλος
362 2192 583 2276 ῬΑ)νδρομάχης
607 2193 638 2223 Α
663 2194 723 2233 (’.Α
750 2207 779 2225 τ.
806 2193 875 2232 V):
904 2192 1072 2234 Εὐριπίδου
1088 2191 1185 2224 τέλος
1209 2188 1432 2233 Ἀνδρομάχης
1460 2190 1484 2219 Ι

159 2236 201 2274 (τ.
224 2237 275 2267 Ευ.
295 2236 342 2268 Ἀ.
