1651 2780
628 102 975 139 ΕΥΡΙΠΙΔΟΥ

303 203 465 250 κλίνατ’,
491 203 537 245 οὐ
561 204 690 245 σθένω
716 205 851 246 ποσίν·

300 272 475 322 πλησίον
493 270 645 314 “Ἀιδας.

235 339 375 378 σκοτία
400 337 431 378 δ’
458 337 519 379 ἐπ’
545 340 711 378 ὄσσοισι
736 336 809 389 νὺξ
830 337 1007 392 ἐφέρπει.

300 404 429 452 τέκνα,
457 404 572 452 τέκν’,
600 404 729 446 οὐκέτι
753 405 799 456 δὴ
1407 417 1469 449 270

301 472 430 513 οὐκέτι
454 472 582 525 μάτηρ
609 476 726 527 σφῷν
752 473 875 514 ἔστιν.

234 540 453 593 χαίροντες,
480 537 509 579 ὦ
534 538 664 586 τέκνα,
691 540 781 580 τόδε
806 539 907 592 φάος
933 540 1093 595 ὁρῷτον.

137 609 205 647 Αδ.
225 608 342 658 οἵμου
379 606 459 647 τόδ’
486 606 579 649 ἔπος
603 606 754 659 λυπρὸν
779 606 907 647 ἀκούω

238 674 300 715 καὶ
324 673 470 715 παντὸς
495 674 582 725 ἐμοὶ
608 673 777 714 θανάτου
802 674 947 725 μεῖζον.

235 741 288 793 μὴ
313 741 410 793 πρός
436 737 519 793 (σε)
544 743 644 781 θεῶν
668 746 766 798 τλῇς
788 758 835 792 με
861 743 1084 792 προδοῦναι,
1409 751 1470 783 275

235 807 287 859 μὴ
313 807 411 860 πρὸς
435 809 586 849 παίδων
611 807 676 850 οὓς
701 809 916 861 ὀρφανιεῖς,

237 874 329 915 ἀλλ’
355 874 442 921 ἄνα,
469 875 611 926 τόλμα·

239 945 312 981 σοῦ
337 943 411 994 γὰρ
437 941 631 994 φθιμένης
656 940 781 983 οὐκέτ’
808 940 855 982 ἂν
881 942 978 992 εἵην·

236 1010 279 1049 ἐν
306 1008 372 1049 σοὶ
397 1008 430 1049 δ’
456 1010 579 1060 ἐσμὲν
606 1009 668 1049 καὶ
696 1009 763 1059 ζῆν
789 1008 850 1048 καὶ
874 1007 941 1059 μή·

306 1075 382 1126 σὴν
406 1077 481 1128 γὰρ
508 1076 650 1128 φιλίαν
675 1075 925 1126 σεβόμεσθα.

141 1172 212 1209 Λλ.
229 1167 412 1219 ”Αδμηθ’,
440 1168 531 1222 ὁρᾷς
557 1169 632 1220 γὰρ
657 1168 761 1219 τάμὰ
786 1165 984 1220 πράγμαθ’
1010 1166 1061 1208 ὡς
1087 1165 1184 1220 ἔχει,
1408 1171 1473 1202 280

238 1233 353 1284 λέξαι
378 1234 481 1275 θέλω
508 1252 574 1275 σοι
599 1235 690 1287 πρὶν
716 1236 850 1275 θανεῖν
876 1234 900 1274 ἃ
924 1233 1136 1285 βούλομαι.

239 1302 316 1354 ἐγώ
345 1319 392 1342 σε
417 1302 702 1354 πρεσβεύουσα
728 1301 838 1342 κάντὶ
862 1302 931 1351 τῆς
957 1301 1051 1351 ε’μῆς

238 1371 373 1422 ψυχῆς
400 1367 691 1418 καταστήσασα
717 1371 802 1420 φῶς
826 1366 906 1407 τόδ’
932 1368 1105 1419 εἰσορᾶν,

243 1437 414 1492 θνῄσκω,
441 1435 566 1487 παρόν
591 1452 657 1485 μοι
682 1434 733 1485 μὴ
761 1436 905 1480 θανεῖν,
932 1434 1028 1485 ὑπὲρ
1055 1432 1186 1479 σέθεν,

242 1502 333 1543 ἀλλ’
358 1501 480 1555 ἄνδρα
505 1519 546 1542 τε
573 1505 690 1555 σχεῖν
717 1503 949 1542 Θεσσαλῶν
973 1499 1017 1542 ὃν
1042 1500 1199 1551 ἤθελον,
1412 1503 1472 1542 ²85

244 1570 305 1610 καὶ
330 1572 439 1620 δῶμα
463 1570 587 1610 ναίειν
612 1570 756 1619 ὄλβιον
781 1569 990 1621 τυραννίδι.

243 1636 309 1677 οὐκ
334 1635 517 1687 ἠθέλησα
544 1636 617 1687 ζῆν
641 1633 955 1676 ἀποσπασθεῖσά
981 1651 1054 1674 σου

244 1704 318 1744 σὺν
343 1703 483 1744 παισὶν
507 1704 760 1755 ὀρφανοΐσιν,
788 1701 867 1742 οὐδ’
893 1700 1117 1754 ἐφεισάμην

242 1770 359 1821 ἥβης,
388 1769 523 1823 ἔχουσ’
549 1771 591 1810 ἐν
617 1770 674 1810 οἷς
701 1765 919 1821 ἐτερπόμην
947 1768 1036 1820 ἐγώ.
1076 1778 1079 1781 ’

246 1838 371 1877 καίτοι
396 1836 435 1876 σ’
462 1837 482 1876 ὁ
508 1836 642 1889 φύσας
666 1836 719 1889 χή
744 1839 914 1876 τεκοῦσα
938 1835 1176 1887 προύδοσαν,
1412 1846 1474 1877 290

245 1907 373 1947 καλῶς
397 1906 469 1955 μὲν
495 1903 626 1945 αὐτοῖς
653 1905 860 1944 κατθανεῖν
883 1902 979 1953 ἧκον
1003 1902 1109 1953 βίου,

247 1974 375 2013 καλῶς
400 1972 441 2011 δὲ
467 1974 599 2010 σῶσαι
625 1973 744 2011 παῖδα
770 1970 962 2011 κεῦκλεῶς
988 1971 1132 2009 θανεῖν.

245 2038 366 2089 μόνος
391 2039 465 2090 γὰρ
491 2038 622 2079 αὐτοῖς
648 2036 766 2087 ἦσθα,
795 2036 922 2078 κοῦτις
949 2035 1062 2076 ἐλπὶς
1086 2033 1135 2084 ἦν

247 2108 320 2145 σοῦ
347 2105 610 2146 κατθανόντος
635 2104 741 2144 ἄλλα
766 2103 950 2155 φιτύσειν
975 2101 1103 2142 τέκνα.

190 2198 251 2236 267
277 2196 413 2229 κλίνατέ
424 2197 456 2237 μ’
472 2197 498 2226 L
512 2197 538 2227 P
626 2197 690 2235 269
714 2195 825 2228 ὄσσοις
837 2194 867 2224 V
879 2194 906 2224 B
997 2203 1055 2231 271
1081 2192 1187 2234 μάτηρ
1199 2192 1229 2222 V
1242 2191 1268 2221 Β
1287 2203 1293 2221 :
1317 2192 1355 2229 δὴ
1371 2189 1476 2231 μάτηρ

149 2241 174 2270 L
187 2240 213 2271 P
302 2250 366 2280 272
389 2240 512 2282 ὀρῴτην
525 2239 678 2279 Elmsley
766 2248 829 2277 273
854 2240 930 2278 ὤμοι
946 2237 1018 2267 PL¹
1111 2245 1172 2274 275
1199 2248 1236 2267 σε
1250 2235 1326 2266 add.
1343 2234 1475 2264 Porson

147 2285 210 2323 276
233 2286 276 2324 μὴ
295 2310 301 2316 .
319 2309 326 2316 .
345 2308 351 2315 .
374 2284 533 2325 ὄρφανιεῖς
551 2294 616 2315 om.
638 2283 662 2313 L
675 2283 700 2313 P
801 2291 863 2319 277
889 2282 948 2313 ἄνα
964 2280 1072 2319 τόλμα
1086 2279 1159 2309 Vl:
1184 2278 1351 2317 ἀνατόλμα.
1368 2277 1394 2307 L
1408 2277 1434 2307 P
1447 2276 1474 2306 B

147 2329 209 2367 285
227 2331 406 2360 Θεσσαλῶν
419 2327 445 2357 Β
457 2332 490 2358 ct
502 2332 525 2360 Σ
538 2327 565 2357 Β
583 2338 589 2357 :
611 2326 783 2358 Θεσσαλὸν
797 2325 822 2355 L
835 2324 901 2354 PV
990 2325 1054 2362 289
1071 2323 1182 2363 ἔχουσ’
1196 2325 1228 2354 ἐν
1240 2321 1285 2354 οἷς
1297 2320 1477 2363 ἐτερπόμην

148 2373 212 2413 ἐγώ
226 2371 253 2402 Β
265 2371 295 2402 O
310 2372 355 2402 D:
375 2371 498 2412 ἔχουσα
511 2370 580 2411 δῶρ’
597 2372 630 2401 ἐν
644 2369 689 2402 οἷς
704 2368 883 2410 ἐτερπόμην
898 2368 961 2408 ἐγώ
974 2367 1022 2397 V:
1041 2367 1164 2408 ἔχουσα
1176 2365 1248 2407 δῶρ’
1261 2365 1374 2407 (δῶρον
1389 2363 1427 2402 L)
1443 2366 1476 2396 ἐν

148 2416 193 2449 οἷς
207 2415 388 2459 ἐτερπόμην
402 2415 427 2445 L
440 2414 466 2445 P
480 2420 512 2445 et
525 2425 545 2445 v
557 2413 610 2444 vel
623 2412 667 2444 V²
756 2422 817 2452 294
843 2411 990 2453 φιτύσειν
1002 2410 1032 2440 V
1044 2423 1094 2451 γρ.
1111 2410 1138 2440 Β
1155 2420 1161 2440 t
1184 2409 1356 2450 φυτεύσειν
1370 2407 1396 2438 L
1409 2407 1434 2437 P
1448 2407 1476 2437 Β
