1651 2780
658 90 1006 128 ΕΥΡΙΠΙΔΟΥ

267 193 387 248 δούλῃ
415 192 606 242 κατέστης
636 195 689 234 εἰς
717 193 854 245 ἀγῶν’;
895 194 961 234 οὐκ
988 194 1082 245 ἀξιῶ

268 259 347 299 οὔτ’
374 259 442 299 οὖν
468 262 515 300 σὲ
541 260 685 312 Τροίας
712 261 799 300 οὔτε
827 264 899 300 σοῦ
923 262 1069 313 Τροίαν
1095 262 1163 302 ἔτι.

269 323 428 377 [ἔξωθέν
453 327 555 367 εἰσιν
582 329 616 367 οἱ
642 330 847 369 δοκοῦντες
873 327 914 368 εὖ
940 333 1102 380 φρονεῖν

268 394 454 445 λαμπροί,
481 394 528 432 τὰ
554 393 586 433 δ’
614 394 728 434 ἔνδον
755 397 878 435 πᾶσιν
905 395 1124 447 ἀνθρώποις
1151 398 1242 442 ἴσοι,

271 459 375 510 πλὴν
402 461 438 499 εἵ
459 476 496 499 τι
521 461 691 515 πλούτῳ·
730 464 844 500 τοῦτο
871 461 902 501 δ’
931 462 1061 514 ἰσχύει
1086 460 1217 514 μέγα.]

273 525 469 571 Μενέλαε,
498 525 594 579 φέρε
619 527 664 577 δὴ
691 527 988 579 διαπεράνωμεν
1012 530 1170 580 λόγους·

271 592 440 643 τέθνηκα
463 599 512 650 τῇ
537 594 588 649 σῇ
615 595 776 646 θυγατρὶ
804 596 869 634 καί
891 594 930 645 μ’
957 595 1156 636 ἀπώλεσε·

271 660 485 711 μιαιφόνον
510 662 582 710 μὲν
607 660 732 700 οὐκέτ’
757 661 805 701 ἂν
832 661 953 713 φύγοι
977 662 1115 712 μύσος.

274 728 316 766 ἐν
339 729 420 768 τοῖς
446 729 485 766 δὲ
513 731 680 769 πολλοῖς
708 729 769 767 καὶ
797 728 847 767 σὺ
872 727 976 768 τόνδ’
1002 729 1148 785 ἀγωνιῇ

275 794 413 845 φόνον·
450 793 495 833 τὸ
521 796 698 846 συνδρῶν
723 793 798 846 γάρ
826 793 865 833 σ’
892 795 1110 847 ἀναγκάσει
1135 795 1264 848 χρέος.

273 857 320 909 ἢν
346 859 378 899 δ’
405 859 472 899 οὖν
497 860 574 911 ἐγὼ
599 862 670 910 μὲν
695 861 746 911 μὴ
774 863 907 901 θανεῖν
931 860 1177 913 ὑπεκδράμω,

274 926 341 966 τὸν
367 925 484 966 παῖδά
510 943 584 976 μου
611 930 800 973 κτενεῖτε;
842 926 935 980 κᾷτα
960 931 1041 970 πῶς
1067 929 1194 981 πατὴρ

275 993 411 1033 τέκνου
437 993 624 1034 θανόντος
648 993 790 1046 ῥᾳδίως
817 992 1015 1043 &vige-rat,-

275 1059 348 1113 οὐχ
372 1058 438 1099 ὧδ’
463 1059 655 1112 ἄνανδρον
681 1058 799 1100 αὐτὸν
824 1060 846 1110 ἡ
872 1061 997 1112 Τροία
1022 1065 1146 1102 καλεῖ·

276 1125 367 1166 ἀλλ’
393 1125 496 1167 εἶσιν
522 1127 562 1166 οῖ
583 1125 894 1180 χρή-Πηλέως
918 1129 994 1179 γὰρ
1020 1126 1109 1178 ἄξια

276 1193 423 1245 πατρός
448 1193 480 1233 τ’
505 1192 730 1247 Ἀχιλλέως
755 1193 851 1246 ἔργα
878 1196 978 1245 δρῶν
1006 1193 1288 1246 φανήσεται-

278 1260 374 1300 ὤσέι
399 1262 441 1300 δὲ
467 1260 542 1310 σὴν
569 1260 672 1300 παῖδ’
700 1262 741 1301 ἐκ
767 1261 909 1312 δόμων·
951 1261 1001 1302 σὺ
1026 1261 1058 1301 δ’
1084 1261 1258 1303 ἐκδιδοὺς

278 1327 388 1381 ἄλλῳ
413 1328 455 1367 τί
475 1326 624 1377 λέξεις;
663 1328 830 1379 πότερον
857 1327 908 1369 ὡς
934 1327 1052 1369 κακὸν
1078 1329 1198 1369 πόσιν

279 1394 420 1446 φεύγει
445 1393 489 1434 τὸ
513 1394 654 1445 ταύτης
682 1398 866 1447 σῶφρον;
905 1396 1011 1435 ἀλλὰ
1038 1396 1237 1436 πεύσεται.

279 1463 400 1512 γαμεῖ
422 1462 463 1501 δὲ
487 1462 545 1502 τίς
571 1478 650 1507 νιν,·
690 1461 714 1512 ἤ
740 1461 812 1514 σφ’
837 1461 1031 1513 ἄνανδρον
1058 1463 1098 1503 ἐν
1124 1463 1256 1514 δόμοις

280 1526 405 1580 χήραν
433 1526 608 1577 καθέξεις
634 1529 795 1574 πολιόν;
835 1526 864 1568 ὦ
889 1527 1053 1579 τλήμων
1079 1528 1188 1580 ἀνήρ,

282 1597 408 1633 κακῶν
433 1594 635 1634 τοσούτων
661 1594 733 1646 οὐχ
759 1595 851 1648 ὁρᾷς
877 1595 1078 1646 ἐπιρροάς;

282 1660 408 1701 πόσας
433 1659 481 1700 ἂν
507 1660 620 1702 εὐνὰς
646 1659 825 1712 θυγατέρ’
850 1660 1087 1712 ἠδικημένην

283 1725 438 1777 βούλοι’
465 1726 513 1766 ἂν
539 1727 664 1778 εὑρεῖν
690 1723 713 1776 ἢ
739 1729 878 1767 παθεῖν
904 1728 987 1779 ἁγὼ
1013 1727 1136 1780 λέγω;

284 1792 328 1832 οὐ
351 1792 427 1845 χρὴ
452 1792 508 1833 ’πὶ
532 1796 683 1844 μικροῖς
708 1793 866 1845 μεγάλα
891 1794 1104 1845 πορσύνειν
1125 1795 1222 1834 κακὰ

284 1859 377 1905 οὐδ’,
406 1860 438 1900 εἰ
463 1858 643 1911 γυναῖκές
669 1861 789 1910 ἐσμεν
815 1859 959 1912 ἀτηρὸν
986 1861 1116 1906 κακόν,

285 1925 429 1978 ἄνδρας
453 1924 631 1978 γυναιξὶν
657 1925 934 1977 ἐξομοιοῦσθαι
960 1927 1097 1979 φύσιν.

285 1992 396 2043 ἡμεῖς
420 1994 495 2045 γὰρ
521 1994 554 2032 εἰ
580 1992 657 2042 σὴν
681 1995 801 2033 παῖδα
827 1993 1132 2045 φαρμακεύομεν

288 2060 349 2100 καὶ
374 2059 492 2110 νηδὺν
517 2057 809 2110 ἐξαμβλοῦμεν,
837 2060 887 2101 ὡς
912 2059 1007 2109 αὐτὴ
1033 2059 1155 2112 λέγει,

1438 343 1496 374 330

1437 676 1498 708 335

1442 1008 1504 1040 340

1443 1341 1505 1374 345

1450 1674 1512 1706 350

1451 2005 1512 2037 355

230 2161 381 2191 330—332
414 2152 551 2191 Δίδυμος
575 2151 737 2193 μέμφεται
761 2151 887 2184 τούτοις
911 2156 957 2184 Σε
991 2156 1025 2182 ut
1051 2151 1281 2182 Menandreos
1309 2152 1389 2182 citat
1418 2151 1511 2182 Stob.

192 2205 260 2233 104.
282 2206 318 2233 14
334 2197 483 2235 εὐτυχεῖν
495 2196 614 2234 legens
631 2205 692 2234 pro
709 2195 744 2227 εὖ
759 2198 889 2237 φρονεῖν
978 2205 1040 2234 333
1064 2200 1242 2234 suspectus
1260 2206 1266 2225 :
1291 2205 1422 2226 versum
1437 2195 1515 2225 eicit

188 2238 431 2275 Wilamowitz‚
447 2239 509 2270 εῑεν
526 2239 598 2269 eius
615 2239 687 2269 loco
705 2248 840 2278 ponens
944 2247 1007 2276 334
1033 2239 1071 2276 δὴ
1089 2241 1130 2280 σῇ
1146 2238 1274 2269 Reiske
1372 2248 1434 2277 337
1460 2238 1515 2268 Sic

189 2282 286 2312 codd.
301 2286 334 2311 et
348 2287 371 2316 Σ
485 2292 548 2320 342
574 2282 730 2313 Fortasse
747 2283 777 2313 τ’
792 2281 838 2322 ἄρ’
853 2282 923 2322 ἄξια
939 2281 991 2311 vel
1009 2282 1038 2312 τ’
1054 2282 1166 2322 ἐπάξια
1273 2282 1338 2320 346
1361 2281 1515 2313 πεύσεται

191 2325 312 2356 Kiehl:
345 2325 501 2366 ψεύσεται
519 2325 612 2355 codd.
634 2330 667 2355 et
684 2329 726 2358 Στ
761 2325 835 2356 ἀλλ’
855 2324 1023 2365 ἐψεύσεται
1043 2323 1173 2355 Porson
1343 2324 1407 2362 348
1439 2325 1517 2365 ἀνήρ

193 2368 354 2398 Dindorf:
373 2370 446 2410 ἄνερ
459 2369 556 2399 codd.
576 2370 716 2407 ζτλῆμον
730 2367 850 2407 MAV)
950 2376 1014 2404 350
1036 2367 1137 2398 πόσας
1163 2368 1189 2400 δ’
1205 2367 1265 2397 LP
1354 2377 1414 2405 351
1441 2367 1514 2404 βού-

191 2412 277 2456 λοιμ’
297 2410 329 2441 Μ
