1683 2732
684 67 1002 107 ΑΛΚΗΣΤΙΣ

185 175 255 213 Φε.
280 171 428 223 ἄπειμι·
466 169 608 224 θάψεις
633 170 666 211 δ’
692 170 807 213 αὐτὸς
832 170 886 212 ὢν
910 171 1028 222 αὐτῆς
1053 172 1210 225 φονεύς,
1443 186 1507 219 730

284 239 394 281 δίκας
419 240 460 279 δὲ
485 238 626 280 δώσεις
651 241 763 278 σοῖσι
788 240 995 289 κηδεσταῖς
1020 238 1089 279 ἔτι.

283 303 307 355 ἧ
331 304 414 356 τᾶρ’
434 303 633 346 ’Ἄκαστος
658 303 782 345 οὐκέτ’
809 304 892 345 ἔστ’
919 306 959 346 ἐν
984 305 1188 357 ἀνδράσιν,

285 372 319 412 εἰ
342 369 394 421 μή
419 370 458 410 σ’
485 371 663 423 ἀδελφῆς
688 371 783 421 αἷμα
807 370 1082 423 τιμωρήσεται.

186 440 255 478 Αδ.
286 438 407 489 ἔρρων
432 454 512 484 νυν,
539 436 653 479 αὐτὸς
678 437 729 491 χὴ
756 435 1024 488 ξυνοικήσασά
1049 456 1126 485 σοι,

283 503 422 545 ἄπαιδε
447 503 584 546 παιδὸς
609 505 734 550 ὄντος,
762 504 896 557 ὥσπερ
922 503 1035 555 ἄξιοι,
1447 518 1507 550 735

286 569 509 623 γηράσκετ’·
547 570 591 610 οὐ
616 572 689 623 γὰρ
715 570 804 626 τῷδ’
831 570 884 611 ἔτ’
909 573 950 613 ἐς
974 571 1114 612 ταύτὸν
1140 571 1282 623 στέγος

285 636 423 678 νεῖσθ’·
461 638 494 678 εἰ
520 636 552 677 δ’
580 638 762 678 ἀπειπεῖν
785 640 886 691 χρῆν
910 655 959 689 με
984 638 1159 691 κηρύκων
1183 639 1259 679 ὕπο

285 703 357 754 τὴν
383 703 459 754 σὴν
483 702 664 759 πατρῴαν
690 705 840 750 ἑστίαν,
867 705 1035 746 ἀπεῖπον
1060 704 1118 745 ἄν.

285 770 396 821 ἡμεῖς
420 769 614 811 δέ-τούν
639 771 760 812 ποσὶν
785 772 859 823 γὰρ
885 770 1042 811 οἰστέον
1067 772 1245 812 κακόν-

287 837 522 890 στείχωμεν,
550 837 601 879 ὡς
626 836 674 877 ἂν
699 839 742 878 ἐν
766 844 867 893 πυρᾷ
893 841 1020 889 θῶμεν
1046 839 1195 891 νεκρόν.
1450 848 1510 882 740

188 906 260 943 Xo.
356 904 400 944 ἰὼ
427 903 484 944 ἰώ.
555 904 725 956 σχετλία
749 904 910 955 τόλμης,

353 968 383 1010 ὦ
409 971 572 1022 γενναία
595 971 657 1011 καὶ
681 970 769 1022 μέγ’
795 971 950 1023 ἀρίστη,

355 1040 482 1090 χαῖρε·
519 1037 709 1089 πρόφρων
735 1039 782 1077 σὲ
807 1037 966 1090 χθόνιός
990 1036 1025 1076 θ’
1050 1036 1197 1089 Ἑρμῆς

348 1101 489 1153 “Ἀιδης
513 1119 555 1143 τε
580 1102 736 1156 δέχοιτ’.
809 1104 842 1144 εἰ
867 1102 910 1143 δέ
933 1120 969 1143 τι
995 1104 1105 1144 κάκεῖ

356 1168 480 1210 πλέον
506 1168 587 1209 ἔστ’
614 1169 789 1221 ἀγαθοῖς,
816 1169 964 1210 τούτων
988 1169 1198 1224 μετέχουσ’
1453 1181 1512 1215 745

415 1234 554 1277 ‘'Aassov
578 1237 711 1292 νύμφῃ
736 1237 999 1288 παρεδρεύοις.

192 1320 254 1350 ΘΕ
266 1319 435 1349 ΡΑΠΩΝ

292 1379 465 1421 πολλοὺς
488 1381 560 1431 μὲν
585 1379 658 1430 ἤδη
686 1379 785 1421 κάπὸ
809 1381 998 1422 παντοίας
1024 1379 1167 1434 χθονὸς

291 1446 426 1497 ξένους
450 1447 646 1497 μολόντας
671 1446 742 1488 οἶδ’
767 1447 807 1488 ἐς
831 1445 1025 1497 Ἀδμήτου
1050 1447 1203 1498 δόμους,

294 1515 351 1555 οἶς
376 1516 513 1554 δεῖπνα
538 1513 738 1566 προύθηκ’·
776 1514 883 1553 ἀλλὰ
907 1513 1009 1553 τοῦδ’
1035 1513 1141 1555 οὔπω
1167 1512 1278 1564 ξένου

296 1579 441 1621 κακίον’
468 1581 507 1622 ἐς
531 1578 636 1630 τήνδ’
663 1582 799 1621 ἑστίαν
825 1579 1030 1631 ἐδεξάμην.
1458 1589 1518 1624 750

295 1645 337 1689 ὃς
363 1650 497 1699 πρῶτα
519 1649 592 1697 μὲν
616 1649 835 1688 πενθοῦντα
859 1647 1057 1698 δεσπότην
1087 1647 1186 1699 ὁρῶν

298 1715 447 1764 ἐσῆλθε
473 1713 691 1765 κάτόλμησ’
717 1715 967 1767 ἀμείψασθαι
992 1714 1130 1755 πύλας.

297 1780 434 1821 ἔπειτα
458 1780 489 1820 δ’
516 1780 598 1820 οὔτι
624 1781 844 1833 σωφρόνως
870 1779 1029 1831 ἐδέξατο

295 1848 343 1886 τὰ
368 1847 647 1901 προστυχόντα
671 1844 793 1896 ξένια,
821 1848 1033 1899 συμφορὰν
1057 1847 1203 1897 μαθών,

299 1912 404 1959 ἀλλ’,
433 1914 468 1954 εἴ
490 1930 528 1954 τι
550 1913 601 1965 μὴ
629 1912 831 1966 φέροιμεν,
860 1914 1029 1966 ὤτρυνεν
1054 1912 1204 1965 φέρειν.
1461 1924 1519 1955 755

244 2014 303 2045 731
330 2005 365 2038 δὲ
385 2006 411 2036 L
425 2005 474 2036 P:
497 2019 533 2037 τε
550 2006 581 2036 V
595 2005 622 2036 Β
754 2009 840 2038 σοῖσι
858 2006 883 2036 L
899 2006 924 2036 P
938 2005 964 2036 B
983 2017 989 2036 ε
1012 2008 1097 2037 τοῖσι
1116 2007 1201 2036 σοῖσι
1217 2004 1270 2034 V:
1294 2006 1381 2035 σοῖσι
1399 2003 1462 2033 del.
1480 2000 1522 2031 V¹

202 2058 262 2088 732
297 2048 333 2089 ἧ]
362 2050 382 2087 ἢ
411 2049 507 2081 codd.
538 2048 572 2090 (ἢ
596 2050 640 2089 V)
776 2051 959 2082 ἄκλαυστος
988 2051 1043 2080 οὐκ
1075 2048 1145 2080 ἔστ’
1174 2050 1207 2080 ἐν
1239 2046 1390 2087 ἀνδράσιν
1417 2046 1466 2077 ἔτι
1492 2045 1523 2074 V

203 2101 264 2131 734
289 2091 384 2134 ἔρρων
398 2105 449 2134 γρ.
468 2096 492 2127 Σ
512 2092 611 2132 (τινὲς
628 2091 663 2125 δὲ
681 2092 778 2135 ἔρρων
793 2093 953 2135 ’γράφουσι
972 2093 1030 2123 σὺν
1046 2095 1090 2132 τῷ
1107 2092 1138 2131 st)
1157 2103 1163 2121 ι
1188 2091 1277 2132 ἔρρου
1294 2090 1353 2130 Lp
1365 2094 1388 2123 Σ
1404 2101 1410 2119 z
1436 2091 1523 2130 e'ppo*

203 2134 251 2165 P:
276 2135 375 2177 ἔρροις
391 2135 421 2166 V
435 2135 462 2166 B
480 2136 602 2167 lemma
618 2140 642 2170 Σ
748 2146 808 2175 735
834 2136 926 2168 ὄντος
944 2135 970 2165 L
985 2135 1033 2165 P:
1058 2135 1149 2167 ὄντες
1166 2134 1196 2163 V
1210 2134 1236 2164 Β
1251 2134 1263 2163 l
1366 2133 1427 2171 736
1449 2132 1523 2172 τῷδ’

203 2178 249 2210 ἔτ’
269 2177 420 2217 Elmsley
436 2190 442 2209 τ
465 2181 539 2212 τῶδ’
556 2179 598 2212 ἴτ’
619 2181 645 2210 L
660 2179 685 2210 P
701 2191 708 2210 ἱ
731 2183 813 2212 τῶδε
829 2179 863 2221 γ’
880 2179 910 2209 V
924 2178 951 2209 Β
1085 2178 1205 2210 ταύτὸν
1220 2177 1251 2207 V
1265 2177 1292 2207 B
1310 2188 1316 2207 ἒ
1340 2177 1440 2208 ταύτὸ
1459 2175 1484 2205 L
1499 2174 1525 2204 Ρ

205 2231 264 2260 737
290 2223 372 2263 χρῆν
388 2222 418 2252 V
432 2221 468 2252 Ι.1
486 2233 492 2253 :
515 2224 579 2265 χρὴ
599 2223 625 2254 L
641 2223 666 2253 P
679 2223 707 2254 B
855 2233 912 2261 741
941 2223 974 2254 ἰὼ
991 2221 1097 2252 semel
1116 2221 1142 2251 L
1156 2220 1182 2251 P
1328 2230 1387 2259 742
1413 2218 1526 2260 ἀρίστα

206 2265 270 2295 LP
433 2275 494 2305 743
518 2277 588 2306 seq.
627 2267 703 2304 ἅδης
732 2268 827 2308 ἐρμῆς
855 2279 891 2297 τε
920 2263 1031 2305 δέχηθ’
1055 2264 1086 2294 V
1241 2272 1302 2302 745
1333 2261 1474 2302 μετέχον
1496 2260 1526 2290 V

207 2310 268 2347 746
293 2308 397 2350 νύμφῃ
414 2308 445 2339 V
460 2319 467 2340 t
492 2309 597 2350 νύμφα
616 2309 641 2340 L
655 2310 681 2340 Ρ
696 2310 722 2340 Β
813 2308 1032 2348 προσεδρεύοις
1052 2308 1075 2337 L
1089 2306 1115 2337 P
1248 2315 1309 2345 755
1334 2305 1460 2347 Φέροιεν
1475 2303 1505 2334 V
