<?xml version="1.0" encoding="UTF-8"?>
<!DOCTYPE html PUBLIC "-//W3C//DTD XHTML 1.0 Transitional//EN"
    "http://www.w3.org/TR/xhtml1/DTD/xhtml1-transitional.dtd">
<html xmlns="http://www.w3.org/1999/xhtml" xml:lang="en" lang="en">
 <head>
  <title>
</title>
<meta http-equiv="Content-Type" content="text/html;charset=utf-8" />
  <meta name='ocr-system' content='tesseract 3.04.00' />
  <meta name='ocr-capabilities' content='ocr_page ocr_carea ocr_par ocr_line ocrx_word'/>
</head>
<body>
  <div class='ocr_page' id='page_1' title='image "./euripidisfabulae01euriuoft_0113.png"; bbox 0 0 1683 2732; ppageno 0'>
   <div class='ocr_carea' id='block_1_1' title="bbox 716 83 969 128">
    <p class='ocr_par' dir='ltr' id='par_1_1' title="bbox 716 83 969 128">
     <span class='ocr_line' id='line_1_1' title="bbox 716 83 969 128; baseline 0.02 -5"><span class='ocrx_word' id='word_1_1' title='bbox 716 83 969 128; x_wconf 84' lang='grc' dir='ltr'>ΜΗΔΕΙΑ</span> 
     </span>
    </p>
   </div>
   <div class='ocr_carea' id='block_1_2' title="bbox 267 184 1508 1443">
    <p class='ocr_par' dir='ltr' id='par_1_2' title="bbox 267 184 1508 1443">
     <span class='ocr_line' id='line_1_2' title="bbox 281 184 1508 243; baseline 0.01 -18"><span class='ocrx_word' id='word_1_2' title='bbox 281 184 498 227; x_wconf 71' lang='grc' dir='ltr'>δέσποιναν</span> <span class='ocrx_word' id='word_1_3' title='bbox 524 186 632 238; x_wconf 85' lang='grc' dir='ltr'>ἐμήν·</span> <span class='ocrx_word' id='word_1_4' title='bbox 1447 203 1508 243; x_wconf 85' lang='lat'>185</span> 
     </span>
     <span class='ocr_line' id='line_1_3' title="bbox 278 252 992 307; baseline 0.01 -16"><span class='ocrx_word' id='word_1_5' title='bbox 278 252 429 306; x_wconf 83' lang='grc' dir='ltr'>μόχθου</span> <span class='ocrx_word' id='word_1_6' title='bbox 455 255 497 294; x_wconf 82' lang='grc' dir='ltr'>δὲ</span> <span class='ocrx_word' id='word_1_7' title='bbox 520 253 638 307; x_wconf 85' lang='grc' dir='ltr'>χάριν</span> <span class='ocrx_word' id='word_1_8' title='bbox 662 254 769 306; x_wconf 82' lang='grc' dir='ltr'>τήνδ’</span> <span class='ocrx_word' id='word_1_9' title='bbox 794 257 992 299; x_wconf 84' lang='grc' dir='ltr'>ἐπιδώσω.</span> 
     </span>
     <span class='ocr_line' id='line_1_4' title="bbox 279 319 947 375; baseline 0.013 -17"><span class='ocrx_word' id='word_1_10' title='bbox 279 319 404 359; x_wconf 85' lang='grc' dir='ltr'>καίτοι</span> <span class='ocrx_word' id='word_1_11' title='bbox 427 319 591 363; x_wconf 78' lang='grc' dir='ltr'>τοκάδος</span> <span class='ocrx_word' id='word_1_12' title='bbox 615 320 765 374; x_wconf 83' lang='grc' dir='ltr'>δέργμα</span> <span class='ocrx_word' id='word_1_13' title='bbox 787 325 947 375; x_wconf 77' lang='grc' dir='ltr'>λεαίνης</span> 
     </span>
     <span class='ocr_line' id='line_1_5' title="bbox 277 386 956 439; baseline 0.012 -14"><span class='ocrx_word' id='word_1_14' title='bbox 277 386 562 439; x_wconf 85' lang='grc' dir='ltr'>ἀποταυροῦται</span> <span class='ocrx_word' id='word_1_15' title='bbox 586 391 751 439; x_wconf 87' lang='grc' dir='ltr'>δμωσίν,</span> <span class='ocrx_word' id='word_1_16' title='bbox 779 390 874 432; x_wconf 84' lang='grc' dir='ltr'>ὅταν</span> <span class='ocrx_word' id='word_1_17' title='bbox 897 408 956 434; x_wconf 93' lang='grc' dir='ltr'>τις</span> 
     </span>
     <span class='ocr_line' id='line_1_6' title="bbox 276 453 971 516; baseline 0.013 -24"><span class='ocrx_word' id='word_1_18' title='bbox 276 455 399 504; x_wconf 84' lang='grc' dir='ltr'>μῦθον</span> <span class='ocrx_word' id='word_1_19' title='bbox 423 453 635 507; x_wconf 81' lang='grc' dir='ltr'>προφέρων</span> <span class='ocrx_word' id='word_1_20' title='bbox 659 455 784 499; x_wconf 83' lang='grc' dir='ltr'>πέλας</span> <span class='ocrx_word' id='word_1_21' title='bbox 809 458 971 516; x_wconf 82' lang='grc' dir='ltr'>ὁρμηθῇ.</span> 
     </span>
     <span class='ocr_line' id='line_1_7' title="bbox 278 519 1505 579; baseline 0.012 -21"><span class='ocrx_word' id='word_1_22' title='bbox 278 519 438 562; x_wconf 86' lang='grc' dir='ltr'>σκαιοὺς</span> <span class='ocrx_word' id='word_1_23' title='bbox 463 523 506 562; x_wconf 80' lang='grc' dir='ltr'>δὲ</span> <span class='ocrx_word' id='word_1_24' title='bbox 529 521 660 574; x_wconf 89' lang='grc' dir='ltr'>λέγων</span> <span class='ocrx_word' id='word_1_25' title='bbox 686 523 822 565; x_wconf 85' lang='grc' dir='ltr'>κούδέν</span> <span class='ocrx_word' id='word_1_26' title='bbox 846 542 883 565; x_wconf 90' lang='grc' dir='ltr'>τι</span> <span class='ocrx_word' id='word_1_27' title='bbox 909 527 1063 579; x_wconf 88' lang='grc' dir='ltr'>σοφοὺς</span> <span class='ocrx_word' id='word_1_28' title='bbox 1444 545 1505 578; x_wconf 87' lang='lat'>190</span> 
     </span>
     <span class='ocr_line' id='line_1_8' title="bbox 274 586 1122 647; baseline 0.013 -21"><span class='ocrx_word' id='word_1_29' title='bbox 274 586 363 628; x_wconf 79' lang='grc' dir='ltr'>τοὺς</span> <span class='ocrx_word' id='word_1_30' title='bbox 387 588 539 639; x_wconf 87' lang='grc' dir='ltr'>πρόσθε</span> <span class='ocrx_word' id='word_1_31' title='bbox 563 589 734 642; x_wconf 82' lang='grc' dir='ltr'>βροτοὺς</span> <span class='ocrx_word' id='word_1_32' title='bbox 757 591 825 632; x_wconf 83' lang='grc' dir='ltr'>οὐκ</span> <span class='ocrx_word' id='word_1_33' title='bbox 850 591 898 633; x_wconf 80' lang='grc' dir='ltr'>ἂν</span> <span class='ocrx_word' id='word_1_34' title='bbox 923 593 1122 647; x_wconf 81' lang='grc' dir='ltr'>ἁμάρτοις,</span> 
     </span>
     <span class='ocr_line' id='line_1_9' title="bbox 276 654 952 709; baseline 0.012 -17"><span class='ocrx_word' id='word_1_35' title='bbox 276 654 418 696; x_wconf 82' lang='grc' dir='ltr'>οἵτινες</span> <span class='ocrx_word' id='word_1_36' title='bbox 442 656 585 705; x_wconf 80' lang='grc' dir='ltr'>ὕμνους</span> <span class='ocrx_word' id='word_1_37' title='bbox 610 658 675 698; x_wconf 83' lang='grc' dir='ltr'>ἐπὶ</span> <span class='ocrx_word' id='word_1_38' title='bbox 698 659 771 709; x_wconf 81' lang='grc' dir='ltr'>μὲν</span> <span class='ocrx_word' id='word_1_39' title='bbox 797 660 952 702; x_wconf 83' lang='grc' dir='ltr'>θαλίαις</span> 
     </span>
     <span class='ocr_line' id='line_1_10' title="bbox 272 720 1057 778; baseline 0.013 -18"><span class='ocrx_word' id='word_1_40' title='bbox 272 721 342 760; x_wconf 89' lang='grc' dir='ltr'>ἐπί</span> <span class='ocrx_word' id='word_1_41' title='bbox 362 720 396 760; x_wconf 87' lang='grc' dir='ltr'>τ’</span> <span class='ocrx_word' id='word_1_42' title='bbox 422 722 642 766; x_wconf 85' lang='grc' dir='ltr'>εἰλαπίναις</span> <span class='ocrx_word' id='word_1_43' title='bbox 667 724 730 765; x_wconf 85' lang='grc' dir='ltr'>καὶ</span> <span class='ocrx_word' id='word_1_44' title='bbox 755 727 859 778; x_wconf 81' lang='grc' dir='ltr'>παρὰ</span> <span class='ocrx_word' id='word_1_45' title='bbox 883 728 1057 770; x_wconf 88' lang='grc' dir='ltr'>δείπνοις</span> 
     </span>
     <span class='ocr_line' id='line_1_11' title="bbox 272 788 903 843; baseline 0.014 -17"><span class='ocrx_word' id='word_1_46' title='bbox 272 788 437 838; x_wconf 83' lang='grc' dir='ltr'>ηὕροντο</span> <span class='ocrx_word' id='word_1_47' title='bbox 461 789 555 839; x_wconf 84' lang='grc' dir='ltr'>βίου</span> <span class='ocrx_word' id='word_1_48' title='bbox 579 793 747 843; x_wconf 83' lang='grc' dir='ltr'>τερπνὰς</span> <span class='ocrx_word' id='word_1_49' title='bbox 772 792 903 835; x_wconf 85' lang='grc' dir='ltr'>ἀκοάς·</span> 
     </span>
     <span class='ocr_line' id='line_1_12' title="bbox 271 855 1500 911; baseline 0.015 -19"><span class='ocrx_word' id='word_1_50' title='bbox 271 855 457 906; x_wconf 80' lang='grc' dir='ltr'>στυγίους</span> <span class='ocrx_word' id='word_1_51' title='bbox 481 857 523 896; x_wconf 78' lang='grc' dir='ltr'>δὲ</span> <span class='ocrx_word' id='word_1_52' title='bbox 546 861 706 908; x_wconf 83' lang='grc' dir='ltr'>βροτῶν</span> <span class='ocrx_word' id='word_1_53' title='bbox 730 859 855 901; x_wconf 82' lang='grc' dir='ltr'>οὐδεὶς</span> <span class='ocrx_word' id='word_1_54' title='bbox 876 861 1006 903; x_wconf 83' lang='grc' dir='ltr'>λύπας</span> <span class='ocrx_word' id='word_1_55' title='bbox 1443 879 1500 911; x_wconf 87' lang='lat'>195</span> 
     </span>
     <span class='ocr_line' id='line_1_13' title="bbox 270 921 939 979; baseline 0.012 -20"><span class='ocrx_word' id='word_1_56' title='bbox 270 921 409 972; x_wconf 81' lang='grc' dir='ltr'>ηὕρετο</span> <span class='ocrx_word' id='word_1_57' title='bbox 433 922 566 978; x_wconf 88' lang='grc' dir='ltr'>μούσῃ</span> <span class='ocrx_word' id='word_1_58' title='bbox 592 924 653 964; x_wconf 87' lang='grc' dir='ltr'>καὶ</span> <span class='ocrx_word' id='word_1_59' title='bbox 678 927 939 979; x_wconf 91' lang='grc' dir='ltr'>πολυχόρδοις</span> 
     </span>
     <span class='ocr_line' id='line_1_14' title="bbox 272 985 899 1041; baseline 0.013 -15"><span class='ocrx_word' id='word_1_60' title='bbox 272 985 388 1041; x_wconf 80' lang='grc' dir='ltr'>ᾠδαῖς</span> <span class='ocrx_word' id='word_1_61' title='bbox 413 988 563 1036; x_wconf 82' lang='grc' dir='ltr'>παύειν,</span> <span class='ocrx_word' id='word_1_62' title='bbox 591 989 639 1041; x_wconf 82' lang='grc' dir='ltr'>ἐξ</span> <span class='ocrx_word' id='word_1_63' title='bbox 658 992 712 1032; x_wconf 79' lang='grc' dir='ltr'>ὧν</span> <span class='ocrx_word' id='word_1_64' title='bbox 738 991 899 1034; x_wconf 85' lang='grc' dir='ltr'>θάνατοι</span> 
     </span>
     <span class='ocr_line' id='line_1_15' title="bbox 270 1054 1037 1111; baseline 0.013 -19"><span class='ocrx_word' id='word_1_65' title='bbox 270 1054 396 1094; x_wconf 91' lang='grc' dir='ltr'>δειναί</span> <span class='ocrx_word' id='word_1_66' title='bbox 416 1070 459 1095; x_wconf 92' lang='grc' dir='ltr'>τε</span> <span class='ocrx_word' id='word_1_67' title='bbox 482 1056 600 1108; x_wconf 87' lang='grc' dir='ltr'>τύχαι</span> <span class='ocrx_word' id='word_1_68' title='bbox 624 1057 859 1110; x_wconf 83' lang='grc' dir='ltr'>σφάλλουσι</span> <span class='ocrx_word' id='word_1_69' title='bbox 883 1061 1037 1111; x_wconf 85' lang='grc' dir='ltr'>δόμους.</span> 
     </span>
     <span class='ocr_line' id='line_1_16' title="bbox 271 1119 975 1175; baseline 0.013 -17"><span class='ocrx_word' id='word_1_70' title='bbox 271 1120 394 1160; x_wconf 89' lang='grc' dir='ltr'>καίτοι</span> <span class='ocrx_word' id='word_1_71' title='bbox 420 1119 512 1161; x_wconf 84' lang='grc' dir='ltr'>τάδε</span> <span class='ocrx_word' id='word_1_72' title='bbox 535 1124 608 1172; x_wconf 84' lang='grc' dir='ltr'>μὲν</span> <span class='ocrx_word' id='word_1_73' title='bbox 634 1123 767 1175; x_wconf 85' lang='grc' dir='ltr'>κέρδος</span> <span class='ocrx_word' id='word_1_74' title='bbox 791 1126 975 1167; x_wconf 83' lang='grc' dir='ltr'>ἀκεῖσθαι</span> 
     </span>
     <span class='ocr_line' id='line_1_17' title="bbox 267 1189 1495 1240; baseline 0.014 -16"><span class='ocrx_word' id='word_1_75' title='bbox 267 1190 463 1235; x_wconf 89' lang='grc' dir='ltr'>μολπαῖσι</span> <span class='ocrx_word' id='word_1_76' title='bbox 486 1189 668 1240; x_wconf 85' lang='grc' dir='ltr'>βροτούς·</span> <span class='ocrx_word' id='word_1_77' title='bbox 706 1191 769 1231; x_wconf 82' lang='grc' dir='ltr'>ἵνα</span> <span class='ocrx_word' id='word_1_78' title='bbox 794 1192 826 1231; x_wconf 85' lang='grc' dir='ltr'>δ’</span> <span class='ocrx_word' id='word_1_79' title='bbox 853 1193 1048 1235; x_wconf 78' lang='grc' dir='ltr'>εὕδειπνοι</span> <span class='ocrx_word' id='word_1_80' title='bbox 1430 1212 1495 1235; x_wconf 83' lang='grc'>200</span> 
     </span>
     <span class='ocr_line' id='line_1_18' title="bbox 269 1254 970 1310; baseline 0.013 -19"><span class='ocrx_word' id='word_1_81' title='bbox 269 1255 410 1299; x_wconf 86' lang='grc' dir='ltr'>δαῖτες,</span> <span class='ocrx_word' id='word_1_82' title='bbox 437 1255 478 1294; x_wconf 88' lang='grc' dir='ltr'>τί</span> <span class='ocrx_word' id='word_1_83' title='bbox 495 1254 624 1305; x_wconf 87' lang='grc' dir='ltr'>μάτην</span> <span class='ocrx_word' id='word_1_84' title='bbox 648 1258 823 1298; x_wconf 86' lang='grc' dir='ltr'>τείνουσι</span> <span class='ocrx_word' id='word_1_85' title='bbox 846 1258 970 1310; x_wconf 83' lang='grc' dir='ltr'>βοήν;</span> 
     </span>
     <span class='ocr_line' id='line_1_19' title="bbox 268 1318 1078 1378; baseline 0.014 -21"><span class='ocrx_word' id='word_1_86' title='bbox 268 1318 312 1358; x_wconf 86' lang='grc' dir='ltr'>τὸ</span> <span class='ocrx_word' id='word_1_87' title='bbox 336 1319 463 1371; x_wconf 84' lang='grc' dir='ltr'>παρὸν</span> <span class='ocrx_word' id='word_1_88' title='bbox 486 1323 560 1373; x_wconf 80' lang='grc' dir='ltr'>γὰρ</span> <span class='ocrx_word' id='word_1_89' title='bbox 587 1322 672 1375; x_wconf 79' lang='grc' dir='ltr'>ἔχει</span> <span class='ocrx_word' id='word_1_90' title='bbox 696 1323 840 1376; x_wconf 81' lang='grc' dir='ltr'>τέρψιν</span> <span class='ocrx_word' id='word_1_91' title='bbox 865 1326 934 1378; x_wconf 85' lang='grc' dir='ltr'>ἀφ’</span> <span class='ocrx_word' id='word_1_92' title='bbox 959 1327 1078 1368; x_wconf 81' lang='grc' dir='ltr'>αὑτοῦ</span> 
     </span>
     <span class='ocr_line' id='line_1_20' title="bbox 333 1385 927 1443; baseline 0.01 -17"><span class='ocrx_word' id='word_1_93' title='bbox 333 1385 463 1441; x_wconf 74' lang='grc' dir='ltr'>δαιτὸς</span> <span class='ocrx_word' id='word_1_94' title='bbox 487 1387 682 1440; x_wconf 86' lang='grc' dir='ltr'>πλήρωμα</span> <span class='ocrx_word' id='word_1_95' title='bbox 705 1394 927 1443; x_wconf 79' lang='grc' dir='ltr'>βροτοῖσιν.</span> 
     </span>
    </p>
   </div>
   <div class='ocr_carea' id='block_1_3' title="bbox 155 1521 1490 2282">
    <p class='ocr_par' dir='ltr' id='par_1_3' title="bbox 163 1521 978 1579">
     <span class='ocr_line' id='line_1_21' title="bbox 163 1521 978 1579; baseline 0.013 -22"><span class='ocrx_word' id='word_1_96' title='bbox 163 1521 235 1559; x_wconf 82' lang='grc' dir='ltr'>Χο.</span> <span class='ocrx_word' id='word_1_97' title='bbox 330 1521 449 1574; x_wconf 81' lang='grc' dir='ltr'>ἰαχὰν</span> <span class='ocrx_word' id='word_1_98' title='bbox 474 1521 560 1563; x_wconf 85' lang='grc' dir='ltr'>ἄιον</span> <span class='ocrx_word' id='word_1_99' title='bbox 586 1524 836 1566; x_wconf 90' lang='grc' dir='ltr'>πολύστονον</span> <span class='ocrx_word' id='word_1_100' title='bbox 858 1527 978 1579; x_wconf 83' lang='grc' dir='ltr'>γόων,</span> 
     </span>
    </p>

    <p class='ocr_par' dir='ltr' id='par_1_4' title="bbox 329 1589 1490 1649">
     <span class='ocr_line' id='line_1_22' title="bbox 329 1589 1490 1649; baseline 0.014 -22"><span class='ocrx_word' id='word_1_101' title='bbox 329 1590 470 1641; x_wconf 81' lang='grc' dir='ltr'>λιγυρὰ</span> <span class='ocrx_word' id='word_1_102' title='bbox 495 1589 527 1628; x_wconf 86' lang='grc' dir='ltr'>δ’</span> <span class='ocrx_word' id='word_1_103' title='bbox 554 1589 655 1643; x_wconf 83' lang='grc' dir='ltr'>ἄχεα</span> <span class='ocrx_word' id='word_1_104' title='bbox 678 1593 828 1644; x_wconf 79' lang='grc' dir='ltr'>μογερὰ</span> <span class='ocrx_word' id='word_1_105' title='bbox 851 1598 932 1649; x_wconf 76' lang='grc' dir='ltr'>βοᾷ</span> <span class='ocrx_word' id='word_1_106' title='bbox 1430 1590 1490 1643; x_wconf 52' lang='grc'>205</span> 
     </span>
    </p>

    <p class='ocr_par' dir='ltr' id='par_1_5' title="bbox 328 1653 1111 1714">
     <span class='ocr_line' id='line_1_23' title="bbox 328 1653 1111 1714; baseline 0.013 -21"><span class='ocrx_word' id='word_1_107' title='bbox 328 1653 396 1694; x_wconf 85' lang='grc' dir='ltr'>τὸν</span> <span class='ocrx_word' id='word_1_108' title='bbox 421 1656 463 1694; x_wconf 84' lang='grc' dir='ltr'>ἐν</span> <span class='ocrx_word' id='word_1_109' title='bbox 488 1655 602 1709; x_wconf 81' lang='grc' dir='ltr'>λέχει</span> <span class='ocrx_word' id='word_1_110' title='bbox 626 1659 821 1710; x_wconf 89' lang='grc' dir='ltr'>προδόταν</span> <span class='ocrx_word' id='word_1_111' title='bbox 846 1661 1111 1714; x_wconf 89' lang='grc' dir='ltr'>κακόνυμφον·</span> 
     </span>
    </p>

    <p class='ocr_par' dir='ltr' id='par_1_6' title="bbox 328 1722 930 1768">
     <span class='ocr_line' id='line_1_24' title="bbox 328 1722 930 1768; baseline 0.015 -9"><span class='ocrx_word' id='word_1_112' title='bbox 328 1722 534 1763; x_wconf 87' lang='grc' dir='ltr'>θεοκλυτεῖ</span> <span class='ocrx_word' id='word_1_113' title='bbox 554 1722 588 1763; x_wconf 88' lang='grc' dir='ltr'>δ’</span> <span class='ocrx_word' id='word_1_114' title='bbox 612 1723 726 1765; x_wconf 85' lang='grc' dir='ltr'>ἄδικα</span> <span class='ocrx_word' id='word_1_115' title='bbox 750 1729 930 1768; x_wconf 84' lang='grc' dir='ltr'>παθοῦσα</span> 
     </span>
    </p>

    <p class='ocr_par' dir='ltr' id='par_1_7' title="bbox 328 1788 879 1844">
     <span class='ocr_line' id='line_1_25' title="bbox 328 1788 879 1844; baseline 0.015 -18"><span class='ocrx_word' id='word_1_116' title='bbox 328 1788 399 1828; x_wconf 74' lang='grc' dir='ltr'>τὰν</span> <span class='ocrx_word' id='word_1_117' title='bbox 426 1788 552 1839; x_wconf 81' lang='grc' dir='ltr'>Ζηνὸς</span> <span class='ocrx_word' id='word_1_118' title='bbox 578 1791 713 1842; x_wconf 88' lang='grc' dir='ltr'>ὁρκίαν</span> <span class='ocrx_word' id='word_1_119' title='bbox 739 1792 879 1844; x_wconf 88' lang='grc' dir='ltr'>Θέμιν,</span> 
     </span>
    </p>

    <p class='ocr_par' dir='ltr' id='par_1_8' title="bbox 326 1852 613 1906">
     <span class='ocr_line' id='line_1_26' title="bbox 326 1852 613 1906; baseline 0.014 -13"><span class='ocrx_word' id='word_1_120' title='bbox 326 1852 351 1893; x_wconf 80' lang='grc' dir='ltr'>ἅ</span> <span class='ocrx_word' id='word_1_121' title='bbox 375 1871 436 1895; x_wconf 89' lang='grc' dir='ltr'>νιν</span> <span class='ocrx_word' id='word_1_122' title='bbox 461 1855 613 1906; x_wconf 79' lang='grc' dir='ltr'>ἕβασεν</span> 
     </span>
    </p>

    <p class='ocr_par' dir='ltr' id='par_1_9' title="bbox 325 1919 1487 1979">
     <span class='ocr_line' id='line_1_27' title="bbox 325 1919 1487 1979; baseline 0.014 -19"><span class='ocrx_word' id='word_1_123' title='bbox 325 1919 490 1962; x_wconf 85' lang='grc' dir='ltr'>Ἑλλάδ’</span> <span class='ocrx_word' id='word_1_124' title='bbox 516 1924 556 1965; x_wconf 85' lang='grc' dir='ltr'>ἐς</span> <span class='ocrx_word' id='word_1_125' title='bbox 581 1925 791 1979; x_wconf 87' lang='grc' dir='ltr'>ἀντίπορον</span> <span class='ocrx_word' id='word_1_126' title='bbox 1426 1946 1487 1968; x_wconf 88' lang='lat'>210</span> 
     </span>
    </p>

    <p class='ocr_par' dir='ltr' id='par_1_10' title="bbox 204 2014 1485 2061">
     <span class='ocr_line' id='line_1_28' title="bbox 204 2014 1485 2061; baseline 0.012 -19"><span class='ocrx_word' id='word_1_127' title='bbox 204 2014 264 2052; x_wconf 88' lang='lat'>185</span> <span class='ocrx_word' id='word_1_128' title='bbox 290 2024 351 2046; x_wconf 91' lang='lat' dir='ltr'><strong>orn.</strong></span> <span class='ocrx_word' id='word_1_129' title='bbox 374 2015 412 2055; x_wconf 81' lang='lat' dir='ltr'>E,</span> <span class='ocrx_word' id='word_1_130' title='bbox 429 2016 555 2048; x_wconf 84' lang='lat' dir='ltr'>habent</span> <span class='ocrx_word' id='word_1_131' title='bbox 576 2018 646 2050; x_wconf 93' lang='lat' dir='ltr'>DO</span> <span class='ocrx_word' id='word_1_132' title='bbox 666 2024 699 2050; x_wconf 86' lang='lat' dir='ltr'>et</span> <span class='ocrx_word' id='word_1_133' title='bbox 715 2021 790 2052; x_wconf 86' lang='lat' dir='ltr'>add.</span> <span class='ocrx_word' id='word_1_134' title='bbox 808 2021 855 2053; x_wconf 78' lang='lat'>13¹.</span> <span class='ocrx_word' id='word_1_135' title='bbox 906 2022 1034 2053; x_wconf 84' lang='lat' dir='ltr'>Habuit</span> <span class='ocrx_word' id='word_1_136' title='bbox 1048 2027 1081 2057; x_wconf 85' lang='grc' dir='ltr'>Σ.</span> <span class='ocrx_word' id='word_1_137' title='bbox 1130 2022 1204 2055; x_wconf 78' lang='lat' dir='ltr'><strong>Del.</strong></span> <span class='ocrx_word' id='word_1_138' title='bbox 1221 2024 1351 2056; x_wconf 79' lang='lat' dir='ltr'>Verrall</span> <span class='ocrx_word' id='word_1_139' title='bbox 1370 2026 1447 2061; x_wconf 80' lang='grc' dir='ltr'>ἐμάν</span> <span class='ocrx_word' id='word_1_140' title='bbox 1460 2027 1485 2057; x_wconf 92' lang='lat' dir='ltr'>L</span> 
     </span>
    </p>

    <p class='ocr_par' dir='ltr' id='par_1_11' title="bbox 155 2056 1487 2282">
     <span class='ocr_line' id='line_1_29' title="bbox 160 2056 1487 2109; baseline 0.011 -22"><span class='ocrx_word' id='word_1_141' title='bbox 160 2056 219 2095; x_wconf 86' lang='lat'>189</span> <span class='ocrx_word' id='word_1_142' title='bbox 242 2058 431 2100; x_wconf 84' lang='grc' dir='ltr'>προσφέρων</span> <span class='ocrx_word' id='word_1_143' title='bbox 447 2059 478 2090; x_wconf 89' lang='grc' dir='ltr'><strong>Α</strong></span> <span class='ocrx_word' id='word_1_144' title='bbox 490 2061 519 2091; x_wconf 94' lang='lat' dir='ltr'>V</span> <span class='ocrx_word' id='word_1_145' title='bbox 621 2065 739 2107; x_wconf 83' lang='grc' dir='ltr'>ὁρμαθῇ</span> <span class='ocrx_word' id='word_1_146' title='bbox 757 2066 852 2096; x_wconf 91' lang='lat' dir='ltr'>codd.</span> <span class='ocrx_word' id='word_1_147' title='bbox 1005 2077 1061 2106; x_wconf 84' lang='lat'>191</span> <span class='ocrx_word' id='word_1_148' title='bbox 1090 2067 1233 2109; x_wconf 80' lang='grc' dir='ltr'>ἁμάρτῃς</span> <span class='ocrx_word' id='word_1_149' title='bbox 1249 2068 1278 2098; x_wconf 93' lang='lat' dir='ltr'>V</span> <span class='ocrx_word' id='word_1_150' title='bbox 1292 2069 1335 2101; x_wconf 90' lang='lat' dir='ltr'>L:</span> <span class='ocrx_word' id='word_1_151' title='bbox 1363 2080 1448 2101; x_wconf 83' lang='lat' dir='ltr'>corr.</span> <span class='ocrx_word' id='word_1_152' title='bbox 1467 2082 1487 2101; x_wconf 86' lang='lat' dir='ltr'><em>v</em></span> 
     </span>
     <span class='ocr_line' id='line_1_30' title="bbox 160 2100 1485 2154; baseline 0.014 -26"><span class='ocrx_word' id='word_1_153' title='bbox 160 2108 220 2137; x_wconf 82' lang='lat'>192</span> <span class='ocrx_word' id='word_1_154' title='bbox 246 2102 295 2132; x_wconf 78' lang='grc' dir='ltr'>ἐπὶ</span> <span class='ocrx_word' id='word_1_155' title='bbox 312 2100 371 2140; x_wconf 84' lang='grc' dir='ltr'>μὲν</span> <span class='ocrx_word' id='word_1_156' title='bbox 388 2103 511 2136; x_wconf 83' lang='grc' dir='ltr'>θαλίαις</span> <span class='ocrx_word' id='word_1_157' title='bbox 530 2115 594 2137; x_wconf 88' lang='lat' dir='ltr'>om.</span> <span class='ocrx_word' id='word_1_158' title='bbox 615 2106 697 2139; x_wconf 84' lang='lat' dir='ltr'>LP:</span> <span class='ocrx_word' id='word_1_159' title='bbox 722 2109 798 2140; x_wconf 85' lang='lat' dir='ltr'><strong>add.</strong></span> <span class='ocrx_word' id='word_1_160' title='bbox 819 2109 831 2138; x_wconf 90' lang='lat' dir='ltr'><em>l</em></span> <span class='ocrx_word' id='word_1_161' title='bbox 933 2120 996 2140; x_wconf 92' lang='lat'>200</span> <span class='ocrx_word' id='word_1_162' title='bbox 1019 2112 1164 2152; x_wconf 78' lang='grc' dir='ltr'>μολπῇσι</span> <span class='ocrx_word' id='word_1_163' title='bbox 1181 2111 1211 2141; x_wconf 93' lang='lat' dir='ltr'>V</span> <span class='ocrx_word' id='word_1_164' title='bbox 1315 2122 1376 2151; x_wconf 86' lang='lat'>204</span> <span class='ocrx_word' id='word_1_165' title='bbox 1402 2115 1485 2154; x_wconf 82' lang='grc' dir='ltr'>ἄχαν</span> 
     </span>
     <span class='ocr_line' id='line_1_31' title="bbox 158 2142 1483 2196; baseline 0.013 -25"><span class='ocrx_word' id='word_1_166' title='bbox 158 2142 314 2175; x_wconf 85' lang='lat' dir='ltr'><strong>Dindorf.</strong></span> <span class='ocrx_word' id='word_1_167' title='bbox 360 2145 410 2176; x_wconf 83' lang='lat' dir='ltr'>Cf.</span> <span class='ocrx_word' id='word_1_168' title='bbox 432 2151 500 2179; x_wconf 88' lang='lat' dir='ltr'>not.</span> <span class='ocrx_word' id='word_1_169' title='bbox 525 2149 567 2179; x_wconf 88' lang='lat' dir='ltr'>ad</span> <span class='ocrx_word' id='word_1_170' title='bbox 588 2159 658 2190; x_wconf 87' lang='lat'>149,</span> <span class='ocrx_word' id='word_1_171' title='bbox 680 2150 761 2191; x_wconf 88' lang='lat' dir='ltr'><strong>Hip.</strong></span> <span class='ocrx_word' id='word_1_172' title='bbox 782 2152 855 2192; x_wconf 83' lang='grc'>585,</span> <span class='ocrx_word' id='word_1_173' title='bbox 878 2153 902 2184; x_wconf 91' lang='grc' dir='ltr'>Ι.</span> <span class='ocrx_word' id='word_1_174' title='bbox 920 2153 962 2185; x_wconf 90' lang='grc' dir='ltr'>Α.</span> <span class='ocrx_word' id='word_1_175' title='bbox 984 2162 1076 2192; x_wconf 70' lang='lat'>1045,</span> <span class='ocrx_word' id='word_1_176' title='bbox 1102 2153 1161 2184; x_wconf 89' lang='lat' dir='ltr'>Ph.</span> <span class='ocrx_word' id='word_1_177' title='bbox 1186 2164 1275 2193; x_wconf 87' lang='lat'><em>1040,</em></span> <span class='ocrx_word' id='word_1_178' title='bbox 1304 2155 1424 2195; x_wconf 87' lang='lat' dir='ltr'>Suppl.</span> <span class='ocrx_word' id='word_1_179' title='bbox 1445 2168 1483 2196; x_wconf 85' lang='lat'>72</span> 
     </span>
     <span class='ocr_line' id='line_1_32' title="bbox 156 2187 1484 2241; baseline 0.012 -25"><span class='ocrx_word' id='word_1_180' title='bbox 156 2187 366 2220; x_wconf 82' lang='grc' dir='ltr'>πολυστόνων</span> <span class='ocrx_word' id='word_1_181' title='bbox 398 2188 440 2218; x_wconf 77' lang='grc' dir='ltr'>Β2</span> <span class='ocrx_word' id='word_1_182' title='bbox 555 2192 636 2233; x_wconf 71' lang='grc' dir='ltr'>’γόον</span> <span class='ocrx_word' id='word_1_183' title='bbox 665 2193 697 2224; x_wconf 90' lang='grc' dir='ltr'><strong>Α</strong></span> <span class='ocrx_word' id='word_1_184' title='bbox 729 2200 762 2226; x_wconf 84' lang='lat' dir='ltr'>et</span> <span class='ocrx_word' id='word_1_185' title='bbox 794 2196 936 2227; x_wconf 79' lang='lat' dir='ltr'>sortasse</span> <span class='ocrx_word' id='word_1_186' title='bbox 967 2197 992 2227; x_wconf 92' lang='lat' dir='ltr'><strong>L</strong></span> <span class='ocrx_word' id='word_1_187' title='bbox 1025 2196 1125 2237; x_wconf 74' lang='grc' dir='ltr'>(γόων</span> <span class='ocrx_word' id='word_1_188' title='bbox 1157 2198 1189 2228; x_wconf 90' lang='lat' dir='ltr'>in</span> <span class='ocrx_word' id='word_1_189' title='bbox 1225 2209 1286 2230; x_wconf 79' lang='lat' dir='ltr'>ras,</span> <span class='ocrx_word' id='word_1_190' title='bbox 1321 2200 1367 2239; x_wconf 62' lang='lat' dir='ltr'>lJ:</span> <span class='ocrx_word' id='word_1_191' title='bbox 1404 2201 1484 2241; x_wconf 72' lang='grc' dir='ltr'>γόου</span> 
     </span>
     <span class='ocr_line' id='line_1_33' title="bbox 155 2231 1482 2282; baseline 0.012 -24"><span class='ocrx_word' id='word_1_192' title='bbox 155 2239 323 2268; x_wconf 77' lang='lat' dir='ltr'>suprascr.</span> <span class='ocrx_word' id='word_1_193' title='bbox 341 2231 384 2262; x_wconf 89' lang='lat' dir='ltr'>A¹</span> <span class='ocrx_word' id='word_1_194' title='bbox 515 2244 579 2273; x_wconf 87' lang='lat'>205</span> <span class='ocrx_word' id='word_1_195' title='bbox 602 2239 724 2279; x_wconf 78' lang='grc' dir='ltr'>μογερὰ</span> <span class='ocrx_word' id='word_1_196' title='bbox 740 2238 771 2268; x_wconf 88' lang='grc' dir='ltr'>Α</span> <span class='ocrx_word' id='word_1_197' title='bbox 784 2238 909 2274; x_wconf 58' lang='grc' dir='ltr'>ΒῑυΙΣ</span> <span class='ocrx_word' id='word_1_198' title='bbox 925 2252 929 2271; x_wconf 92' lang='grc'>;</span> <span class='ocrx_word' id='word_1_199' title='bbox 954 2243 1078 2282; x_wconf 77' lang='grc' dir='ltr'>μογερᾷ</span> <span class='ocrx_word' id='word_1_200' title='bbox 1094 2241 1124 2271; x_wconf 95' lang='lat' dir='ltr'>V</span> <span class='ocrx_word' id='word_1_201' title='bbox 1136 2241 1163 2271; x_wconf 90' lang='lat' dir='ltr'>B</span> <span class='ocrx_word' id='word_1_202' title='bbox 1180 2241 1204 2271; x_wconf 88' lang='lat' dir='ltr'>L</span> <span class='ocrx_word' id='word_1_203' title='bbox 1217 2242 1242 2272; x_wconf 90' lang='lat' dir='ltr'>P</span> <span class='ocrx_word' id='word_1_204' title='bbox 1368 2254 1429 2282; x_wconf 84' lang='lat'>207</span> <span class='ocrx_word' id='word_1_205' title='bbox 1455 2244 1482 2275; x_wconf 90' lang='grc' dir='ltr'>δ’</span> 
     </span>
    </p>
   </div>
   <div class='ocr_carea' id='block_1_4' title="bbox 155 2273 1480 2360">
    <p class='ocr_par' dir='ltr' id='par_1_12' title="bbox 155 2273 1480 2360">
     <span class='ocr_line' id='line_1_34' title="bbox 155 2273 1480 2325; baseline 0.01 -21"><span class='ocrx_word' id='word_1_206' title='bbox 155 2274 247 2305; x_wconf 77' lang='grc' dir='ltr'>ἄδικα</span> <span class='ocrx_word' id='word_1_207' title='bbox 265 2273 375 2307; x_wconf 87' lang='lat' dir='ltr'>ABl:</span> <span class='ocrx_word' id='word_1_208' title='bbox 402 2275 439 2308; x_wconf 86' lang='grc' dir='ltr'>δέ</span> <span class='ocrx_word' id='word_1_209' title='bbox 461 2278 574 2310; x_wconf 78' lang='grc' dir='ltr'>τᾶδικα</span> <span class='ocrx_word' id='word_1_210' title='bbox 589 2278 658 2309; x_wconf 80' lang='lat' dir='ltr'>VP</span> <span class='ocrx_word' id='word_1_211' title='bbox 674 2285 707 2310; x_wconf 87' lang='lat' dir='ltr'>et</span> <span class='ocrx_word' id='word_1_212' title='bbox 730 2282 805 2312; x_wconf 82' lang='lat' dir='ltr'><strong>sine</strong></span> <span class='ocrx_word' id='word_1_213' title='bbox 827 2283 926 2313; x_wconf 88' lang='lat' dir='ltr'>dubio</span> <span class='ocrx_word' id='word_1_214' title='bbox 946 2284 971 2314; x_wconf 92' lang='lat' dir='ltr'>L</span> <span class='ocrx_word' id='word_1_215' title='bbox 1135 2296 1198 2325; x_wconf 89' lang='lat'>209</span> <span class='ocrx_word' id='word_1_216' title='bbox 1222 2285 1241 2318; x_wconf 84' lang='grc' dir='ltr'>ἅ</span> <span class='ocrx_word' id='word_1_217' title='bbox 1263 2288 1358 2318; x_wconf 90' lang='lat' dir='ltr'>codd.</span> <span class='ocrx_word' id='word_1_218' title='bbox 1384 2292 1417 2318; x_wconf 82' lang='lat' dir='ltr'>et</span> <span class='ocrx_word' id='word_1_219' title='bbox 1437 2292 1480 2321; x_wconf 85' lang='grc' dir='ltr'>Σ;</span> 
     </span>
     <span class='ocr_line' id='line_1_35' title="bbox 155 2316 922 2360; baseline 0.014 -14"><span class='ocrx_word' id='word_1_220' title='bbox 155 2316 299 2348; x_wconf 79' lang='lat' dir='ltr'>sortasse</span> <span class='ocrx_word' id='word_1_221' title='bbox 316 2321 359 2360; x_wconf 79' lang='grc' dir='ltr'>τᾷ</span> <span class='ocrx_word' id='word_1_222' title='bbox 500 2330 564 2351; x_wconf 86' lang='lat'>210</span> <span class='ocrx_word' id='word_1_223' title='bbox 590 2324 620 2354; x_wconf 86' lang='grc' dir='ltr'>ἐς</span> <span class='ocrx_word' id='word_1_224' title='bbox 637 2323 668 2352; x_wconf 90' lang='grc' dir='ltr'><strong>Α</strong></span> <span class='ocrx_word' id='word_1_225' title='bbox 680 2324 707 2353; x_wconf 87' lang='grc' dir='ltr'>Β</span> <span class='ocrx_word' id='word_1_226' title='bbox 722 2325 769 2355; x_wconf 89' lang='lat' dir='ltr'>L:</span> <span class='ocrx_word' id='word_1_227' title='bbox 795 2327 839 2357; x_wconf 83' lang='grc' dir='ltr'>εἰς</span> <span class='ocrx_word' id='word_1_228' title='bbox 856 2327 885 2356; x_wconf 94' lang='lat' dir='ltr'>V</span> <span class='ocrx_word' id='word_1_229' title='bbox 897 2327 922 2356; x_wconf 89' lang='lat' dir='ltr'>P</span> 
     </span>
    </p>
   </div>
  </div>
 </body>
</html>
