1683 2732
689 129 1077 175 ΗΡΑΚΛΕΙΔΑΙ

289 215 513 261 Fragmenta
534 221 815 261 Heraclidarum
836 229 1011 267 Fabulae.

287 296 351 340 (N.
371 297 453 343 852)
483 300 585 336 Stob.
606 311 659 347 79.
682 314 701 339 2
722 305 865 350 (Orion.
886 310 974 346 Eur.
994 312 1029 356 7)
1049 314 1233 362 Εὐριπίδης
1251 316 1501 365 Ἡρακλείδαις.

279 361 391 404 ὅστις
417 366 458 405 δὲ
482 366 572 409 τοὺς
597 370 781 413 τεκόντας
806 373 849 412 ἐν
872 375 951 429 βίῳ
979 377 1095 428 σέβει

278 427 334 467 ὅδ’
359 430 446 471 ἐστὶ
473 433 536 473 καὶ
564 433 636 482 ζῶν
663 437 726 477 καὶ
752 439 881 480 θανὼν
907 444 1010 485 θεοῖς
1037 446 1168 496 φίλος·

277 494 387 537 ὅστις
412 499 454 538 δὲ
480 498 547 539 τὸν
573 502 758 552 φύσαντα
783 505 836 555 μὴ
862 510 979 558 τιμᾶν
1004 510 1113 568 θέλῃ,

273 559 327 611 μή
351 579 418 612 μοι
443 564 597 616 γένοιτο
622 567 720 619 μήτε
746 573 939 624 συνθύτης
965 578 1080 625 θεοῖς,

273 626 363 677 μήτ’
391 630 434 670 ἐν
460 632 648 690 θαλάσσῃ
676 638 911 680 κοινόπλουν
937 642 1103 685 στέλλοι
1130 647 1298 700 σκάφος.
1516 669 1533 698 5

269 836 372 883 τρεῖς
398 835 500 877 εἰσὶν
527 837 660 890 ἀρεταὶ
686 844 754 885 τὰς
778 845 908 896 χρεών
934 846 972 885 σ’
1000 849 1150 897 ἀσκεῖν,
1179 852 1328 901 τέκνον,

267 899 379 942 θεούς
405 917 448 943 τε
472 907 601 954 τιμᾶν,
629 908 719 950 τούς
744 926 787 950 τε
813 912 1019 962 φύσαντας
1043 921 1184 967 γονεῖς,

266 965 408 1017 νόμους
433 985 476 1010 τε
503 973 653 1016 κοινοὺς
677 973 887 1020 Ἑλλάδος·
926 981 988 1020 καὶ
1012 986 1134 1023 ταῦτα
1160 986 1261 1035 δρῶν

267 1031 486 1076 κάλλιστον
513 1037 613 1088 ἕξεις
638 1040 842 1093 στέφανον
867 1044 1044 1089 εὐκλείας
1069 1049 1142 1090 ἀεί.

269 1124 318 1159 Et
334 1125 488 1163 fortasse

269 1180 332 1226 (N.
352 1184 435 1229 854)
464 1187 566 1223 Stob.
587 1197 616 1232 7.
636 1200 656 1234 9
675 1191 856 1237 Εὐριπίδης
874 1192 1167 1245 Ἡρακλεί<δαις>.

262 1247 306 1287 τὸ
330 1251 403 1299 μὲν
428 1257 635 1305 σφαγῆναι
660 1258 799 1305 δεινόν,
828 1261 1008 1302 εὔκλειαν
1033 1263 1065 1303 δ’
1091 1264 1188 1318 ἔχει·

260 1313 303 1354 τὸ
327 1315 379 1366 μὴ
408 1320 540 1360 θανεῖν
565 1323 606 1362 δὲ
629 1325 773 1371 δειλόν,
802 1326 919 1377 ἡδονὴ
946 1328 978 1368 δ’
1004 1330 1073 1370 ἔνι.

264 1407 328 1449 (N.
349 1408 431 1453 851)
460 1412 523 1446 Ar.
543 1414 614 1459 Eq.
635 1424 701 1458 214

257 1472 424 1525 τάραττε
449 1477 511 1517 καὶ
536 1480 689 1532 χόρδευ’
716 1482 811 1532 ὁμοῦ
836 1485 883 1524 τὰ
908 1485 1129 1538 πράγματα,
1169 1493 1231 1528 ubi
1253 1495 1457 1533 Scholiasta

258 1542 438 1591 παρῴδησε
457 1548 523 1593 ’γὰρ
541 1550 599 1583 τὸν
617 1548 740 1595 ἴαμβον
757 1552 796 1596 ἐξ
813 1551 1049 1598 “Ηρακλειδῶν
1068 1558 1263 1602 Εὐριπίδου.

260 1624 313 1659 Cf.
335 1624 398 1664 (N.
413 1626 496 1672 949)
517 1629 618 1665 Stob.
639 1638 693 1675 79.
714 1642 732 1676 3
753 1632 812 1677 qui
832 1646 888 1669 vv.
905 1643 984 1681 297,
1002 1638 1069 1681 298
1089 1637 1209 1675 citatis
1229 1641 1415 1688 subiungit
1432 1651 1513 1690 post

185 1671 371 1715 πεφυκέναι

287 1743 351 1784 καὶ
375 1747 458 1787 τοῖς
481 1750 663 1789 τεκοῦσιν
687 1746 801 1799 ἀξίαν
825 1751 941 1803 τιμὴν
965 1752 1109 1805 νέμειν.

229 1837 300 1865 852
326 1835 447 1867 Totum
465 1837 565 1869 habet
580 1839 698 1879 Orion,
714 1843 755 1873 ad
773 1843 868 1883 φίλος
883 1844 977 1876 Stob.
1071 1857 1090 1887 3
1115 1849 1188 1881 τοὺς
1206 1849 1371 1888 φύσαντας
1388 1853 1484 1885 codd.
1503 1865 1509 1884 :

185 1887 268 1908 corr.
286 1878 444 1910 Meineke
459 1882 519 1922 (τὼ
537 1883 682 1923 φύσαντε
697 1885 959 1927 Schneidewin)
1049 1901 1068 1928 4
1093 1894 1160 1923 τοῖς
1178 1896 1259 1924 θεοῖς
1277 1895 1373 1925 codd.
1388 1919 1395 1925 .
1421 1907 1507 1928 corr.

186 1920 428 1953 Schneidewin
559 1929 629 1957 853
659 1937 672 1957 1
700 1928 807 1970 χρέων
824 1930 855 1962 σ’
873 1931 1035 1964 Dindorf:
1060 1935 1125 1975 χρή
1143 1935 1173 1966 σ’
1191 1936 1244 1965 vel
1260 1938 1394 1978 χρήσεις
1412 1941 1508 1972 codd.

185 1974 203 1993 2
249 1968 349 2006 γονῆς
388 1965 515 1998 Nauck.
585 1970 634 2001 Cf.
675 1971 917 2013 Wilamowstz,
959 1975 1107 2008 Hermes
1146 1979 1210 2009 vol.
1250 1980 1328 2011 xvii.
1371 1992 1403 2021 p.
1444 1993 1508 2023 345

183 2010 254 2038 854
280 2010 435 2049 Ἡρακλεῖ
448 2012 546 2043 codd.
563 2023 570 2043 :
594 2014 815 2056 Ἡρακλείδαις
829 2017 959 2049 Nauck.
1001 2019 1156 2051 Eundem
1170 2022 1280 2053 locum
1295 2024 1368 2055 sine
1385 2031 1507 2064 poetae

181 2051 317 2082 nomine
335 2053 414 2084 citat
432 2053 519 2086 Plut.
540 2065 571 2096 p.
591 2067 654 2097 447
667 2057 695 2090 E
828 2070 848 2091 2
873 2060 908 2094 δὲ
925 2062 1033 2095 δειλόν
1051 2063 1138 2095 Plut.
1158 2075 1164 2094 :
1189 2065 1217 2097 δ’
1235 2068 1270 2098 οὐ
1287 2068 1390 2100 δεινόν
1408 2069 1500 2101 Stob.

277 2437 359 2459 EUR.
379 2436 401 2460 1.
1340 2439 1382 2471 13
