1683 2732
152 220 197 257 ςἰ

693 113 947 150 ΚΎΚΛΩΨ

250 218 395 268 βαβαί·
433 219 622 272 χορεῦσαι
647 219 871 268 παρακαλεῖ
892 214 931 266 μ’
958 216 978 254 ὁ
1004 215 1185 269 Βάκχιος.

152 243 182 257 a
202 248 210 257 .

250 285 274 324 ἆ
300 284 324 323 ἆ
349 284 386 324 ἃ.

151 353 222 391 Οδ.
249 354 333 401 μῶν
357 350 424 391 τὸν
448 349 630 402 λάρυγγα
656 346 861 398 διεκάναξέ
885 367 956 390 σου
982 354 1127 397 καλῶς;

152 420 209 457 Σι.
251 417 346 457 ὥστ’
373 418 427 459 εἰς
453 416 592 468 ἄκρους
618 433 664 469 γε
688 415 778 458 τοὺς
802 418 947 470 ὄνυχας
971 417 1148 469 ἀφίκετο.

151 486 223 523 Οδ.
251 483 346 535 πρὸς
370 486 468 538 τῷδε
492 482 628 534 μέντοι
657 484 718 524 καὶ
744 483 918 534 νόμισμα
944 484 1134 535 δώσομεν.
1424 488 1484 520 160

153 553 210 590 Σι.
250 550 360 603 χάλα
383 549 450 590 τὸν
477 549 602 591 ἀσκὸν
627 551 762 601 μόνον·
801 549 846 590 ἔα
869 550 913 590 τὸ
938 552 1117 604 χρυσίον.

151 618 222 657 Οδ.
250 616 440 670 ἐκφέρετέ
466 633 533 657 νυν
559 617 763 669 τυρεύματ’
788 614 811 667 ἦ
836 616 974 668 μήλων
998 618 1125 658 τόκον.

152 686 211 723 Σι.
253 683 387 736 δράσω
413 683 508 730 τάδ’,
536 685 676 736 ὀλίγον
703 685 921 736 φροντίσας
946 701 991 737 γε
1016 687 1232 725 δεσποτῶν.

255 750 306 792 ὡς
335 752 484 792 ἐκπιεῖν
511 750 547 803 γ’
572 750 620 792 ἂν
648 751 787 791 κύλικα
810 752 1021 803 μαινοίμην
1045 752 1150 802 μίαν,

254 817 411 858 πάντων
439 818 668 859 Κυκλώπων
695 817 873 861 ἀντιδοὺς
897 817 1148 869 βοσκήματα,
1426 822 1484 861 165

253 885 371 937 ῥῖψαι
396 884 428 924 τ’
456 886 494 926 ἐς
520 884 650 936 ἅλμην
676 885 873 928 Λευκάδος
898 885 1040 937 πέτρας
1065 885 1153 931 ἄπο,

255 950 363 1002 ἅπαξ
385 951 595 1002 μεθυσθεὶς
623 953 864 1003 καταβαλών
888 969 930 993 τε
955 954 1022 994 τὰς
1048 953 1182 1005 ὀφρῦς.

255 1018 306 1060 ὡς
331 1019 372 1061 ὅς
398 1036 443 1070 γε
471 1020 595 1060 πίνων
621 1018 672 1070 μὴ
699 1018 844 1071 γέγηθε
868 1021 1060 1070 μαίνεται·

256 1084 304 1126 ἵν’
333 1086 420 1126 ἔστι
446 1086 554 1126 τουτί
576 1085 609 1124 τ’
636 1085 752 1137 ὀρθὸν
777 1084 1029 1136 ἐξανιστάναι

256 1156 409 1203 μαστοῦ
433 1169 474 1193 τε
501 1152 672 1205 δραγμὸς
699 1153 762 1193 καὶ
787 1153 1161 1205 παρεσκευασμένου
1427 1162 1486 1197 170

256 1223 411 1271 ψαῦσαι
435 1223 571 1272 χεροῖν
596 1223 801 1270 λειμῶνος,
828 1220 1023 1273 ὀρχηστύς
1048 1220 1082 1259 θ’
1108 1219 1187 1270 ἅμα

258 1290 385 1327 κακῶν
411 1303 453 1326 τε
478 1288 633 1336 λῆστις.
697 1285 765 1327 εἶτ’
791 1287 869 1338 ἐγὼ
895 1284 973 1338 <οὐ>
1001 1286 1217 1337 κυνήσομαι

256 1353 406 1394 τοιόνδε
431 1356 558 1404 πῶμα,
587 1353 658 1403 τὴν
687 1353 905 1395 Κύκλωπος
930 1354 1098 1404 ἀμαθίαν

259 1421 410 1461 κλαίειν
437 1421 608 1461 κελεύων
636 1421 699 1461 καὶ
723 1419 791 1461 τὸν
816 1420 1025 1473 ὀφθαλμὸν
1050 1420 1194 1471 μέσον,·

154 1514 227 1552 Xo.
254 1511 373 1559 ἄκου’,
403 1511 617 1553 Ὀδυσσεῦ·
656 1511 965 1563 διαλαλήσωμέν
990 1513 1028 1552 τί
1052 1529 1129 1552 σοι.
1427 1523 1485 1555 175

153 1581 224 1619 Οδ.
253 1579 315 1619 καὶ
339 1579 415 1630 μὴν
444 1580 558 1632 φίλοι
584 1597 629 1632 γε
655 1579 938 1633 προσφέρεσθε
963 1579 1058 1631 πρὸς
1085 1580 1217 1631 φίλον.

155 1649 227 1685 Xo.
255 1646 425 1697 ἐλάβετε
452 1648 600 1698 Τροίαν
627 1646 698 1698 τὴν
722 1646 892 1698 Ἑλένην
917 1663 959 1687 τε
983 1647 1156 1700 χειρίαν;

154 1714 225 1752 Οδ.
254 1713 317 1753 καὶ
342 1713 470 1754 πάντα
495 1713 532 1767 γ’
560 1714 667 1755 οἶκον
695 1717 926 1766 Πριαμιδῶν
954 1713 1187 1766 ἐπέρσαμεν.

154 1782 225 1819 Χο.
254 1780 405 1827 οὔκουν,
434 1781 568 1832 ἐπειδὴ
596 1781 667 1832 τὴν
693 1783 823 1822 νεᾶνιν
849 1782 989 1828 εἵλετε,

259 1846 429 1890 ἅπαντες
455 1847 574 1899 αὐτὴν
602 1847 870 1901 διεκροτήσατ’
896 1850 938 1889 ἐν
962 1847 1082 1901 μέρει,
1426 1850 1486 1881 ¹30

255 1915 345 1956 ἐπεί
366 1932 412 1967 γε
436 1919 604 1958 πολλοῖς
630 1916 764 1966 ἥδεται
789 1915 1036 1968 γαμουμένη,·

253 1980 323 2031 τὴν
349 1983 544 2034 προδότιν,
566 1981 589 2033 ἢ
615 1983 704 2025 τοὺς
731 1982 923 2024 θυλάκους
949 1982 1037 2025 τοὺς
1062 1982 1263 2023 ποικίλους

256 2048 344 2100 περὶ
369 2053 452 2090 τοῖν
479 2054 643 2091 σκελοῖν
670 2051 809 2090 ἰδοῦσα
836 2051 899 2090 καὶ
924 2049 992 2090 τὸν
1017 2049 1189 2102 χρύσεον

202 2140 262 2170 162
286 2140 455 2183 τυρεύματ’
471 2141 506 2182 ἢ]
527 2141 666 2184 τύρευμα
683 2143 733 2174 καὶ
746 2141 977 2172 Wilamowitz
1115 2141 1173 2178 164
1192 2149 1262 2178 seq.
1290 2139 1406 2171 ἐκπιὼν
1425 2162 1430 2168 .
1448 2162 1455 2170 .
1475 2161 1482 2168 .

156 2181 242 2225 (μὴ)
269 2185 414 2217 ἀντιδοὺς
446 2208 454 2216 .
489 2209 495 2215 .
528 2208 535 2216 .
570 2186 662 2227 ῥίψας
693 2186 875 2216 Kirchhoff
1029 2185 1089 2214 166
1123 2182 1296 2223 Λευκάδος]
1331 2182 1486 2214 λισσάδος

156 2227 314 2266 Hartung
449 2229 510 2259 168
533 2229 673 2259 seclusit
691 2229 920 2259 Wilamowitz
1066 2228 1125 2265 169
1149 2228 1281 2268 τούρθὸν
1301 2226 1326 2255 L
1340 2225 1374 2263 P,
1396 2235 1486 2255 corr.

156 2270 292 2301 Seidlet·
428 2281 484 2310 171
512 2272 696 2314 ὀρχηστύος
715 2273 739 2302 L
753 2272 788 2311 P,
807 2282 889 2303 corr.
911 2271 1038 2301 Canter
1175 2280 1234 2308 172
1261 2270 1324 2310 ἐγὼ
1342 2271 1376 2301 οὐ
1393 2270 1486 2306 κυνή-

156 2326 262 2354 σομαι,
282 2316 380 2347 οὕτως
393 2314 432 2353 ἦν
447 2318 481 2347 ἐν
493 2320 538 2356 τῷ
552 2320 676 2356 παλαιῷ
694 2316 738 2355 01.
752 2326 780 2346 e.
795 2315 828 2345 in
846 2316 886 2355 L)
900 2325 1003 2353 marg.
1019 2325 1134 2353 apogr.
1153 2313 1257 2344 Paris.
1301 2313 1349 2343 Cf.
1368 2323 1396 2342 v,
1412 2322 1483 2350 553.

157 2358 225 2388 Sed
244 2359 308 2399 ἐγὼ
325 2358 501 2398 κυνήσομαι
522 2359 546 2389 L
559 2359 585 2389 P
602 2371 608 2389 :
641 2360 704 2399 ἐγὼ
728 2360 783 2391 οὐκ
806 2359 966 2398 ὠνήσομαι
984 2358 1154 2396 Tyrwhitt

156 2401 345 2440 Tyr-whitt:
372 2408 485 2433 notam
503 2413 569 2433 om.
590 2403 654 2432 LP
759 2403 817 2440 176
843 2403 945 2442 φίλων
963 2401 996 2438 Ρ,
1019 2412 1101 2431 corr.
1118 2406 1142 2440 j>

156 2445 327 2484 Tyrwhitt
342 2456 348 2475 :
375 2446 480 2476 Sileni
498 2451 611 2476 notam
631 2446 754 2476 habent
774 2446 799 2474 L
812 2445 837 2474 P

1338 2366 1394 2394 175

1248 2410 1313 2437 ¹77-
1341 2409 1400 2438 179
1426 2404 1479 2429 Χο.

1428 2361 1483 2387 Xo.
