<?xml version="1.0" encoding="UTF-8"?>
<!DOCTYPE html PUBLIC "-//W3C//DTD XHTML 1.0 Transitional//EN"
    "http://www.w3.org/TR/xhtml1/DTD/xhtml1-transitional.dtd">
<html xmlns="http://www.w3.org/1999/xhtml" xml:lang="en" lang="en">
 <head>
  <title>
</title>
<meta http-equiv="Content-Type" content="text/html;charset=utf-8" />
  <meta name='ocr-system' content='tesseract 3.04.00' />
  <meta name='ocr-capabilities' content='ocr_page ocr_carea ocr_par ocr_line ocrx_word'/>
</head>
<body>
  <div class='ocr_page' id='page_1' title='image "./euripidisfabulae01euriuoft_0053.png"; bbox 0 0 1683 2732; ppageno 0'>
   <div class='ocr_carea' id='block_1_1' title="bbox 115 207 186 244">
    <p class='ocr_par' dir='ltr' id='par_1_1' title="bbox 115 207 186 244">
     <span class='ocr_line' id='line_1_1' title="bbox 115 207 186 244; baseline 0.014 -1"><span class='ocrx_word' id='word_1_1' title='bbox 115 207 186 244; x_wconf 84' lang='lat' dir='ltr'>Xo.</span> 
     </span>
    </p>
   </div>
   <div class='ocr_carea' id='block_1_2' title="bbox 114 406 186 709">
    <p class='ocr_par' dir='ltr' id='par_1_2' title="bbox 114 406 186 709">
     <span class='ocr_line' id='line_1_2' title="bbox 115 406 185 443; baseline 0.014 -1"><span class='ocrx_word' id='word_1_2' title='bbox 115 406 185 443; x_wconf 89' lang='lat' dir='ltr'>Kv.</span> 
     </span>
     <span class='ocr_line' id='line_1_3' title="bbox 115 472 185 510; baseline 0 -1"><span class='ocrx_word' id='word_1_3' title='bbox 115 472 185 510; x_wconf 84' lang='lat' dir='ltr'>Kv.</span> 
     </span>
     <span class='ocr_line' id='line_1_4' title="bbox 115 538 185 576; baseline 0 -1"><span class='ocrx_word' id='word_1_4' title='bbox 115 538 185 576; x_wconf 84' lang='grc' dir='ltr'>Κυ.</span> 
     </span>
     <span class='ocr_line' id='line_1_5' title="bbox 114 605 186 642; baseline 0 0"><span class='ocrx_word' id='word_1_5' title='bbox 114 605 186 642; x_wconf 85' lang='lat' dir='ltr'>Xo.</span> 
     </span>
     <span class='ocr_line' id='line_1_6' title="bbox 116 671 185 709; baseline 0 -1"><span class='ocrx_word' id='word_1_6' title='bbox 116 671 185 709; x_wconf 83' lang='lat' dir='ltr'>Kv.</span> 
     </span>
    </p>
   </div>
   <div class='ocr_carea' id='block_1_3' title="bbox 117 1137 186 1176">
    <p class='ocr_par' dir='ltr' id='par_1_3' title="bbox 117 1137 186 1176">
     <span class='ocr_line' id='line_1_7' title="bbox 117 1137 186 1176; baseline 0 -1"><span class='ocrx_word' id='word_1_7' title='bbox 117 1137 186 1176; x_wconf 88' lang='lat' dir='ltr'>Kv.</span> 
     </span>
    </p>
   </div>
   <div class='ocr_carea' id='block_1_4' title="bbox 117 1470 190 1509">
    <p class='ocr_par' dir='ltr' id='par_1_4' title="bbox 117 1470 190 1509">
     <span class='ocr_line' id='line_1_8' title="bbox 117 1470 190 1509; baseline 0.014 -1"><span class='ocrx_word' id='word_1_8' title='bbox 117 1470 190 1509; x_wconf 93' lang='grc' dir='ltr'>Οδ.</span> 
     </span>
    </p>
   </div>
   <div class='ocr_carea' id='block_1_5' title="bbox 120 1671 189 1709">
    <p class='ocr_par' dir='ltr' id='par_1_5' title="bbox 120 1671 189 1709">
     <span class='ocr_line' id='line_1_9' title="bbox 120 1671 189 1709; baseline 0 0"><span class='ocrx_word' id='word_1_9' title='bbox 120 1671 189 1709; x_wconf 86' lang='grc' dir='ltr'>Κυ.</span> 
     </span>
    </p>
   </div>
   <div class='ocr_carea' id='block_1_6' title="bbox 650 102 902 139">
    <p class='ocr_par' dir='ltr' id='par_1_6' title="bbox 650 102 902 139">
     <span class='ocr_line' id='line_1_10' title="bbox 650 102 902 139; baseline 0.004 -1"><span class='ocrx_word' id='word_1_10' title='bbox 650 102 902 139; x_wconf 74' lang='grc' dir='ltr'>ΚὙΚΛΩΨ</span> 
     </span>
    </p>
   </div>
   <div class='ocr_carea' id='block_1_7' title="bbox 211 202 1436 788">
    <p class='ocr_par' dir='ltr' id='par_1_7' title="bbox 213 202 1431 390">
     <span class='ocr_line' id='line_1_11' title="bbox 213 202 1431 262; baseline 0.002 -18"><span class='ocrx_word' id='word_1_11' title='bbox 213 204 254 244; x_wconf 84' lang='grc' dir='ltr'>ἐν</span> <span class='ocrx_word' id='word_1_12' title='bbox 271 202 379 259; x_wconf 71' lang='grc' dir='ltr'>δεξιᾷ</span> <span class='ocrx_word' id='word_1_13' title='bbox 395 220 480 243; x_wconf 89' lang='grc' dir='ltr'>σου.</span> <span class='ocrx_word' id='word_1_14' title='bbox 580 205 650 243; x_wconf 85' lang='grc' dir='ltr'>Κυ.</span> <span class='ocrx_word' id='word_1_15' title='bbox 700 206 794 250; x_wconf 80' lang='grc' dir='ltr'>ποῦ,·</span> <span class='ocrx_word' id='word_1_16' title='bbox 893 207 964 244; x_wconf 83' lang='grc' dir='ltr'>Χο.</span> <span class='ocrx_word' id='word_1_17' title='bbox 1014 203 1108 255; x_wconf 84' lang='grc' dir='ltr'>πρὸς</span> <span class='ocrx_word' id='word_1_18' title='bbox 1124 204 1220 261; x_wconf 84' lang='grc' dir='ltr'>αὐτῇ</span> <span class='ocrx_word' id='word_1_19' title='bbox 1235 211 1282 262; x_wconf 82' lang='grc' dir='ltr'>τῇ</span> <span class='ocrx_word' id='word_1_20' title='bbox 1298 205 1431 260; x_wconf 76' lang='grc' dir='ltr'>πέτρᾳ.</span> 
     </span>
     <span class='ocr_line' id='line_1_12' title="bbox 214 270 1333 324; baseline 0.002 -14"><span class='ocrx_word' id='word_1_21' title='bbox 214 270 339 323; x_wconf 82' lang='grc' dir='ltr'>ἕχεις;</span> <span class='ocrx_word' id='word_1_22' title='bbox 479 272 548 309; x_wconf 90' lang='grc' dir='ltr'>Κυ.</span> <span class='ocrx_word' id='word_1_23' title='bbox 621 270 739 310; x_wconf 88' lang='grc' dir='ltr'>κακόν</span> <span class='ocrx_word' id='word_1_24' title='bbox 764 287 809 322; x_wconf 92' lang='grc' dir='ltr'>γε</span> <span class='ocrx_word' id='word_1_25' title='bbox 834 270 930 322; x_wconf 82' lang='grc' dir='ltr'>πρὸς</span> <span class='ocrx_word' id='word_1_26' title='bbox 957 274 1071 324; x_wconf 79' lang='grc' dir='ltr'>κακῷ·</span> <span class='ocrx_word' id='word_1_27' title='bbox 1108 271 1151 311; x_wconf 85' lang='grc' dir='ltr'>τὸ</span> <span class='ocrx_word' id='word_1_28' title='bbox 1177 273 1333 322; x_wconf 87' lang='grc' dir='ltr'>κρανίον</span> 
     </span>
     <span class='ocr_line' id='line_1_13' title="bbox 214 335 1355 390; baseline 0.002 -13"><span class='ocrx_word' id='word_1_29' title='bbox 214 337 361 378; x_wconf 83' lang='grc' dir='ltr'><em>παίσας</em></span> <span class='ocrx_word' id='word_1_30' title='bbox 388 335 570 388; x_wconf 89' lang='grc' dir='ltr'>κατέαγα.</span> <span class='ocrx_word' id='word_1_31' title='bbox 708 339 781 376; x_wconf 85' lang='grc' dir='ltr'>Χο.</span> <span class='ocrx_word' id='word_1_32' title='bbox 855 338 920 377; x_wconf 91' lang='grc' dir='ltr'>καί</span> <span class='ocrx_word' id='word_1_33' title='bbox 942 354 989 378; x_wconf 94' lang='grc' dir='ltr'>σε</span> <span class='ocrx_word' id='word_1_34' title='bbox 1014 337 1278 389; x_wconf 87' lang='grc' dir='ltr'>διαφεύγουσί</span> <span class='ocrx_word' id='word_1_35' title='bbox 1299 355 1355 390; x_wconf 86' lang='grc' dir='ltr'>γε.</span> 
     </span>
    </p>

    <p class='ocr_par' dir='ltr' id='par_1_8' title="bbox 211 402 1434 588">
     <span class='ocr_line' id='line_1_14' title="bbox 211 402 1398 459; baseline 0.002 -17"><span class='ocrx_word' id='word_1_36' title='bbox 211 403 256 444; x_wconf 85' lang='grc' dir='ltr'>οὐ</span> <span class='ocrx_word' id='word_1_37' title='bbox 280 403 375 459; x_wconf 80' lang='grc' dir='ltr'>τῇδ’·</span> <span class='ocrx_word' id='word_1_38' title='bbox 412 403 496 443; x_wconf 86' lang='grc' dir='ltr'>ἐπεὶ</span> <span class='ocrx_word' id='word_1_39' title='bbox 520 402 602 458; x_wconf 78' lang='grc' dir='ltr'>τῇδ’</span> <span class='ocrx_word' id='word_1_40' title='bbox 628 403 757 449; x_wconf 78' lang='grc' dir='ltr'>εἶπας;</span> <span class='ocrx_word' id='word_1_41' title='bbox 896 406 968 443; x_wconf 85' lang='lat' dir='ltr'>Xo.</span> <span class='ocrx_word' id='word_1_42' title='bbox 1039 404 1095 444; x_wconf 80' lang='grc' dir='ltr'>οὔ·</span> <span class='ocrx_word' id='word_1_43' title='bbox 1133 404 1252 459; x_wconf 83' lang='grc' dir='ltr'>ταύτῃ</span> <span class='ocrx_word' id='word_1_44' title='bbox 1281 404 1398 456; x_wconf 85' lang='grc' dir='ltr'>λέγω.</span> 
     </span>
     <span class='ocr_line' id='line_1_15' title="bbox 213 468 1434 526; baseline 0.002 -17"><span class='ocrx_word' id='word_1_45' title='bbox 213 470 264 526; x_wconf 79' lang='grc' dir='ltr'>πῂ</span> <span class='ocrx_word' id='word_1_46' title='bbox 288 469 380 522; x_wconf 86' lang='grc' dir='ltr'>γάρ;</span> <span class='ocrx_word' id='word_1_47' title='bbox 492 472 563 509; x_wconf 85' lang='grc' dir='ltr'>Χο.</span> <span class='ocrx_word' id='word_1_48' title='bbox 624 468 823 521; x_wconf 85' lang='grc' dir='ltr'>περιάγου,</span> <span class='ocrx_word' id='word_1_49' title='bbox 853 473 972 516; x_wconf 82' lang='grc' dir='ltr'>κεῖσε,</span> <span class='ocrx_word' id='word_1_50' title='bbox 1000 469 1097 522; x_wconf 88' lang='grc' dir='ltr'>πρὸς</span> <span class='ocrx_word' id='word_1_51' title='bbox 1122 470 1346 522; x_wconf 82' lang='grc' dir='ltr'>τᾶριστερά.</span> <span class='ocrx_word' id='word_1_52' title='bbox 1373 476 1434 507; x_wconf 88' lang='lat'>686</span> 
     </span>
     <span class='ocr_line' id='line_1_16' title="bbox 213 535 1087 588; baseline 0.001 -12"><span class='ocrx_word' id='word_1_53' title='bbox 213 538 316 587; x_wconf 83' lang='grc' dir='ltr'>οἴμοι</span> <span class='ocrx_word' id='word_1_54' title='bbox 341 539 528 587; x_wconf 84' lang='grc' dir='ltr'>γελῶμαι·</span> <span class='ocrx_word' id='word_1_55' title='bbox 568 535 789 588; x_wconf 84' lang='grc' dir='ltr'>κερτομεῖτέ</span> <span class='ocrx_word' id='word_1_56' title='bbox 811 536 851 587; x_wconf 78' lang='grc' dir='ltr'>μ’</span> <span class='ocrx_word' id='word_1_57' title='bbox 877 538 917 576; x_wconf 83' lang='grc' dir='ltr'>ἐν</span> <span class='ocrx_word' id='word_1_58' title='bbox 945 540 1087 578; x_wconf 83' lang='grc' dir='ltr'>κακοῖς.</span> 
     </span>
    </p>

    <p class='ocr_par' dir='ltr' id='par_1_9' title="bbox 213 601 1161 654">
     <span class='ocr_line' id='line_1_17' title="bbox 213 601 1161 654; baseline 0.001 -12"><span class='ocrx_word' id='word_1_59' title='bbox 213 601 305 642; x_wconf 86' lang='grc' dir='ltr'>ἀλλ’</span> <span class='ocrx_word' id='word_1_60' title='bbox 329 601 467 648; x_wconf 82' lang='grc' dir='ltr'>οὐκέτ’,</span> <span class='ocrx_word' id='word_1_61' title='bbox 495 603 602 642; x_wconf 80' lang='grc' dir='ltr'>ἀλλὰ</span> <span class='ocrx_word' id='word_1_62' title='bbox 626 603 800 654; x_wconf 78' lang='grc' dir='ltr'>πρόσθεν</span> <span class='ocrx_word' id='word_1_63' title='bbox 825 603 939 645; x_wconf 74' lang='grc' dir='ltr'>οὗτός</span> <span class='ocrx_word' id='word_1_64' title='bbox 964 604 1054 643; x_wconf 84' lang='grc' dir='ltr'>ἐστί</span> <span class='ocrx_word' id='word_1_65' title='bbox 1077 621 1161 644; x_wconf 91' lang='grc' dir='ltr'>σου.</span> 
     </span>
    </p>

    <p class='ocr_par' dir='ltr' id='par_1_10' title="bbox 212 667 1436 788">
     <span class='ocr_line' id='line_1_18' title="bbox 212 667 1356 721; baseline 0.002 -12"><span class='ocrx_word' id='word_1_66' title='bbox 212 667 241 709; x_wconf 75' lang='grc' dir='ltr'><em>ὦ</em></span> <span class='ocrx_word' id='word_1_67' title='bbox 267 668 524 721; x_wconf 79' lang='grc' dir='ltr'>παγκάκιστε,</span> <span class='ocrx_word' id='word_1_68' title='bbox 551 672 625 709; x_wconf 83' lang='grc' dir='ltr'>ποῦ</span> <span class='ocrx_word' id='word_1_69' title='bbox 650 669 734 710; x_wconf 85' lang='grc' dir='ltr'>ποτ’</span> <span class='ocrx_word' id='word_1_70' title='bbox 760 670 812 715; x_wconf 76' lang='grc' dir='ltr'>εἶ,·</span> <span class='ocrx_word' id='word_1_71' title='bbox 950 672 1022 710; x_wconf 88' lang='grc' dir='ltr'>Οὸ.</span> <span class='ocrx_word' id='word_1_72' title='bbox 1095 673 1214 721; x_wconf 83' lang='grc' dir='ltr'>τηλοῦ</span> <span class='ocrx_word' id='word_1_73' title='bbox 1239 670 1356 711; x_wconf 88' lang='grc' dir='ltr'>σέθεν</span> 
     </span>
     <span class='ocr_line' id='line_1_19' title="bbox 215 736 1436 788; baseline 0.002 -13"><span class='ocrx_word' id='word_1_74' title='bbox 215 739 436 788; x_wconf 84' lang='grc' dir='ltr'>φυλακαῖσι</span> <span class='ocrx_word' id='word_1_75' title='bbox 461 739 618 788; x_wconf 87' lang='grc' dir='ltr'>φρουρῶ</span> <span class='ocrx_word' id='word_1_76' title='bbox 645 736 745 787; x_wconf 79' lang='grc' dir='ltr'>σῶμ’</span> <span class='ocrx_word' id='word_1_77' title='bbox 771 736 1004 778; x_wconf 84' lang='grc' dir='ltr'>Ὀδυσσέως</span> <span class='ocrx_word' id='word_1_78' title='bbox 1028 736 1127 777; x_wconf 86' lang='grc' dir='ltr'>τόδε.</span> <span class='ocrx_word' id='word_1_79' title='bbox 1373 740 1436 782; x_wconf 91' lang='lat'>690</span> 
     </span>
    </p>
   </div>
   <div class='ocr_carea' id='block_1_8' title="bbox 177 802 1207 856">
    <p class='ocr_par' dir='ltr' id='par_1_11' title="bbox 177 802 1207 856">
     <span class='ocr_line' id='line_1_20' title="bbox 177 802 1207 856; baseline 0.002 -14"><span class='ocrx_word' id='word_1_80' title='bbox 177 833 185 842; x_wconf 90' lang='lat'>.</span> <span class='ocrx_word' id='word_1_81' title='bbox 212 806 293 844; x_wconf 83' lang='grc' dir='ltr'>πῶς</span> <span class='ocrx_word' id='word_1_82' title='bbox 320 803 448 848; x_wconf 51' lang='lat' dir='ltr'>daras,-</span> <span class='ocrx_word' id='word_1_83' title='bbox 488 803 611 853; x_wconf 81' lang='grc' dir='ltr'>ὄνομα</span> <span class='ocrx_word' id='word_1_84' title='bbox 635 804 878 854; x_wconf 84' lang='grc' dir='ltr'>μεταβαλὼν</span> <span class='ocrx_word' id='word_1_85' title='bbox 905 802 1037 844; x_wconf 83' lang='grc' dir='ltr'>καινὸν</span> <span class='ocrx_word' id='word_1_86' title='bbox 1061 803 1207 856; x_wconf 88' lang='grc' dir='ltr'>λέγεις.</span> 
     </span>
    </p>
   </div>
   <div class='ocr_carea' id='block_1_9' title="bbox 115 871 188 909">
    <p class='ocr_par' dir='ltr' id='par_1_12' title="bbox 115 871 188 909">
     <span class='ocr_line' id='line_1_21' title="bbox 115 871 188 909; baseline 0.014 -1"><span class='ocrx_word' id='word_1_87' title='bbox 115 871 188 909; x_wconf 89' lang='grc' dir='ltr'>Οδ.</span> 
     </span>
    </p>
   </div>
   <div class='ocr_carea' id='block_1_10' title="bbox 212 868 1439 1923">
    <p class='ocr_par' dir='ltr' id='par_1_13' title="bbox 215 868 1020 922">
     <span class='ocr_line' id='line_1_22' title="bbox 215 868 1020 922; baseline 0.001 -13"><span class='ocrx_word' id='word_1_88' title='bbox 215 869 311 922; x_wconf 87' lang='grc' dir='ltr'>ὅπερ</span> <span class='ocrx_word' id='word_1_89' title='bbox 337 868 373 921; x_wconf 83' lang='grc' dir='ltr'>γ’</span> <span class='ocrx_word' id='word_1_90' title='bbox 399 870 419 909; x_wconf 90' lang='grc' dir='ltr'>ὁ</span> <span class='ocrx_word' id='word_1_91' title='bbox 446 868 580 921; x_wconf 83' lang='grc' dir='ltr'>φύσας</span> <span class='ocrx_word' id='word_1_92' title='bbox 606 869 777 920; x_wconf 80' lang='grc' dir='ltr'>ὠνόμαζ’</span> <span class='ocrx_word' id='word_1_93' title='bbox 804 870 1020 911; x_wconf 87' lang='grc' dir='ltr'>Ὀδυσσέα.</span> 
     </span>
    </p>

    <p class='ocr_par' dir='ltr' id='par_1_14' title="bbox 214 935 1097 986">
     <span class='ocr_line' id='line_1_23' title="bbox 214 935 1097 986; baseline 0.003 -11"><span class='ocrx_word' id='word_1_94' title='bbox 214 936 357 976; x_wconf 79' lang='grc' dir='ltr'>δώσειν</span> <span class='ocrx_word' id='word_1_95' title='bbox 382 935 413 976; x_wconf 90' lang='grc' dir='ltr'>δ’</span> <span class='ocrx_word' id='word_1_96' title='bbox 439 935 606 986; x_wconf 79' lang='grc' dir='ltr'>ἔμελλες</span> <span class='ocrx_word' id='word_1_97' title='bbox 632 937 796 977; x_wconf 82' lang='grc' dir='ltr'>ἀνοσίου</span> <span class='ocrx_word' id='word_1_98' title='bbox 821 936 951 978; x_wconf 84' lang='grc' dir='ltr'>δαιτὸς</span> <span class='ocrx_word' id='word_1_99' title='bbox 976 937 1097 978; x_wconf 80' lang='grc' dir='ltr'>δίκας·</span> 
     </span>
    </p>

    <p class='ocr_par' dir='ltr' id='par_1_15' title="bbox 216 1002 1083 1056">
     <span class='ocr_line' id='line_1_24' title="bbox 216 1002 1083 1056; baseline 0.001 -14"><span class='ocrx_word' id='word_1_100' title='bbox 216 1006 340 1044; x_wconf 86' lang='grc' dir='ltr'>κακῶς</span> <span class='ocrx_word' id='word_1_101' title='bbox 365 1004 440 1055; x_wconf 77' lang='grc' dir='ltr'>γὰρ</span> <span class='ocrx_word' id='word_1_102' title='bbox 465 1002 513 1043; x_wconf 81' lang='grc' dir='ltr'>ἂν</span> <span class='ocrx_word' id='word_1_103' title='bbox 536 1003 684 1055; x_wconf 87' lang='grc' dir='ltr'>Τροίαν</span> <span class='ocrx_word' id='word_1_104' title='bbox 710 1021 755 1056; x_wconf 92' lang='grc' dir='ltr'>γε</span> <span class='ocrx_word' id='word_1_105' title='bbox 780 1003 1083 1055; x_wconf 84' lang='grc' dir='ltr'>διεπυρωσάμην</span> 
     </span>
    </p>

    <p class='ocr_par' dir='ltr' id='par_1_16' title="bbox 212 1067 1437 1189">
     <span class='ocr_line' id='line_1_25' title="bbox 216 1067 1437 1123; baseline 0.002 -14"><span class='ocrx_word' id='word_1_106' title='bbox 216 1069 250 1109; x_wconf 81' lang='grc' dir='ltr'>εἰ</span> <span class='ocrx_word' id='word_1_107' title='bbox 273 1067 325 1120; x_wconf 85' lang='grc' dir='ltr'>μή</span> <span class='ocrx_word' id='word_1_108' title='bbox 352 1068 390 1108; x_wconf 87' lang='grc' dir='ltr'>σ’</span> <span class='ocrx_word' id='word_1_109' title='bbox 416 1069 580 1120; x_wconf 81' lang='grc' dir='ltr'>ἑταίρων</span> <span class='ocrx_word' id='word_1_110' title='bbox 607 1070 732 1122; x_wconf 79' lang='grc' dir='ltr'>φόνον</span> <span class='ocrx_word' id='word_1_111' title='bbox 757 1069 1074 1123; x_wconf 86' lang='grc' dir='ltr'>ἐτιμωρησάμην.</span> <span class='ocrx_word' id='word_1_112' title='bbox 1374 1073 1437 1114; x_wconf 83' lang='grc'>695</span> 
     </span>
     <span class='ocr_line' id='line_1_26' title="bbox 212 1135 1024 1189; baseline 0.002 -15"><span class='ocrx_word' id='word_1_113' title='bbox 212 1136 307 1175; x_wconf 84' lang='grc' dir='ltr'>αἰαῖ·</span> <span class='ocrx_word' id='word_1_114' title='bbox 345 1135 513 1177; x_wconf 80' lang='grc' dir='ltr'>παλαιὸς</span> <span class='ocrx_word' id='word_1_115' title='bbox 537 1135 718 1189; x_wconf 84' lang='grc' dir='ltr'>χρησμὸς</span> <span class='ocrx_word' id='word_1_116' title='bbox 744 1138 1024 1188; x_wconf 83' lang='grc' dir='ltr'>ἐκπεραίνεται.</span> 
     </span>
    </p>

    <p class='ocr_par' dir='ltr' id='par_1_17' title="bbox 215 1202 1172 1257">
     <span class='ocr_line' id='line_1_27' title="bbox 215 1202 1172 1257; baseline 0.002 -16"><span class='ocrx_word' id='word_1_117' title='bbox 215 1202 374 1254; x_wconf 80' lang='grc' dir='ltr'>τυφλὴν</span> <span class='ocrx_word' id='word_1_118' title='bbox 398 1203 472 1254; x_wconf 76' lang='grc' dir='ltr'>γὰρ</span> <span class='ocrx_word' id='word_1_119' title='bbox 496 1203 594 1254; x_wconf 80' lang='grc' dir='ltr'>ὄψιν</span> <span class='ocrx_word' id='word_1_120' title='bbox 619 1203 662 1242; x_wconf 85' lang='grc' dir='ltr'>ἐκ</span> <span class='ocrx_word' id='word_1_121' title='bbox 687 1202 804 1243; x_wconf 84' lang='grc' dir='ltr'>σέθεν</span> <span class='ocrx_word' id='word_1_122' title='bbox 832 1202 1004 1257; x_wconf 80' lang='grc' dir='ltr'>σχήσειν</span> <span class='ocrx_word' id='word_1_123' title='bbox 1027 1202 1067 1253; x_wconf 86' lang='grc' dir='ltr'>μ’</span> <span class='ocrx_word' id='word_1_124' title='bbox 1092 1202 1172 1255; x_wconf 77' lang='grc' dir='ltr'>ἔφη</span> 
     </span>
    </p>

    <p class='ocr_par' dir='ltr' id='par_1_18' title="bbox 214 1268 1118 1320">
     <span class='ocr_line' id='line_1_28' title="bbox 214 1268 1118 1320; baseline 0.001 -12"><span class='ocrx_word' id='word_1_125' title='bbox 214 1269 359 1320; x_wconf 91' lang='grc' dir='ltr'>Τροίας</span> <span class='ocrx_word' id='word_1_126' title='bbox 384 1268 695 1320; x_wconf 80' lang='grc' dir='ltr'>ἀφορμηθέντος.</span> <span class='ocrx_word' id='word_1_127' title='bbox 766 1271 872 1310; x_wconf 76' lang='grc' dir='ltr'>ἀλλὰ</span> <span class='ocrx_word' id='word_1_128' title='bbox 898 1270 959 1310; x_wconf 85' lang='grc' dir='ltr'>καὶ</span> <span class='ocrx_word' id='word_1_129' title='bbox 984 1269 1033 1309; x_wconf 90' lang='grc' dir='ltr'>σέ</span> <span class='ocrx_word' id='word_1_130' title='bbox 1057 1286 1118 1309; x_wconf 87' lang='grc' dir='ltr'>τοι</span> 
     </span>
    </p>

    <p class='ocr_par' dir='ltr' id='par_1_19' title="bbox 215 1334 1015 1387">
     <span class='ocr_line' id='line_1_29' title="bbox 215 1334 1015 1387; baseline 0.001 -12"><span class='ocrx_word' id='word_1_131' title='bbox 215 1335 324 1377; x_wconf 85' lang='grc' dir='ltr'>δίκας</span> <span class='ocrx_word' id='word_1_132' title='bbox 347 1334 509 1387; x_wconf 79' lang='grc' dir='ltr'>ὑφέξειν</span> <span class='ocrx_word' id='word_1_133' title='bbox 533 1335 620 1375; x_wconf 85' lang='grc' dir='ltr'>ἀντὶ</span> <span class='ocrx_word' id='word_1_134' title='bbox 644 1335 758 1376; x_wconf 77' lang='grc' dir='ltr'>τῶνδ’</span> <span class='ocrx_word' id='word_1_135' title='bbox 784 1335 1015 1382; x_wconf 85' lang='grc' dir='ltr'>ἐθέσπισεν,</span> 
     </span>
    </p>

    <p class='ocr_par' dir='ltr' id='par_1_20' title="bbox 216 1400 1439 1523">
     <span class='ocr_line' id='line_1_30' title="bbox 216 1400 1439 1458; baseline 0.003 -17"><span class='ocrx_word' id='word_1_136' title='bbox 216 1402 342 1442; x_wconf 80' lang='grc' dir='ltr'>πολὺν</span> <span class='ocrx_word' id='word_1_137' title='bbox 369 1400 555 1458; x_wconf 83' lang='grc' dir='ltr'>θαλάσσῃ</span> <span class='ocrx_word' id='word_1_138' title='bbox 580 1403 725 1455; x_wconf 88' lang='grc' dir='ltr'>χρόνον</span> <span class='ocrx_word' id='word_1_139' title='bbox 752 1403 1070 1455; x_wconf 80' lang='grc' dir='ltr'>ε’ναιωρούμενον.</span> <span class='ocrx_word' id='word_1_140' title='bbox 1376 1413 1439 1445; x_wconf 92' lang='lat'>700</span> 
     </span>
     <span class='ocr_line' id='line_1_31' title="bbox 217 1467 1178 1523; baseline -0.001 -14"><span class='ocrx_word' id='word_1_141' title='bbox 217 1470 370 1510; x_wconf 88' lang='grc' dir='ltr'>κλαίειν</span> <span class='ocrx_word' id='word_1_142' title='bbox 395 1467 433 1508; x_wconf 87' lang='grc' dir='ltr'>σ’</span> <span class='ocrx_word' id='word_1_143' title='bbox 459 1468 604 1521; x_wconf 78' lang='grc' dir='ltr'>ἄνωγα·</span> <span class='ocrx_word' id='word_1_144' title='bbox 645 1470 706 1509; x_wconf 83' lang='grc' dir='ltr'>καὶ</span> <span class='ocrx_word' id='word_1_145' title='bbox 732 1469 888 1523; x_wconf 80' lang='grc' dir='ltr'>δέδραχ’</span> <span class='ocrx_word' id='word_1_146' title='bbox 914 1470 1008 1521; x_wconf 88' lang='grc' dir='ltr'>ὅπερ</span> <span class='ocrx_word' id='word_1_147' title='bbox 1033 1468 1178 1521; x_wconf 85' lang='grc' dir='ltr'>λέγεις.</span> 
     </span>
    </p>

    <p class='ocr_par' dir='ltr' id='par_1_21' title="bbox 217 1534 1076 1588">
     <span class='ocr_line' id='line_1_32' title="bbox 217 1534 1076 1588; baseline 0.003 -13"><span class='ocrx_word' id='word_1_148' title='bbox 217 1536 295 1588; x_wconf 83' lang='grc' dir='ltr'>ἐγὼ</span> <span class='ocrx_word' id='word_1_149' title='bbox 319 1534 352 1575; x_wconf 82' lang='grc' dir='ltr'>δ’</span> <span class='ocrx_word' id='word_1_150' title='bbox 379 1534 438 1576; x_wconf 83' lang='grc' dir='ltr'>ἐπ’</span> <span class='ocrx_word' id='word_1_151' title='bbox 463 1536 583 1578; x_wconf 81' lang='grc' dir='ltr'>ἀκτὰς</span> <span class='ocrx_word' id='word_1_152' title='bbox 608 1535 687 1587; x_wconf 79' lang='grc' dir='ltr'>εἶμι</span> <span class='ocrx_word' id='word_1_153' title='bbox 712 1536 774 1576; x_wconf 81' lang='grc' dir='ltr'>καὶ</span> <span class='ocrx_word' id='word_1_154' title='bbox 799 1537 896 1578; x_wconf 86' lang='grc' dir='ltr'>νεὼς</span> <span class='ocrx_word' id='word_1_155' title='bbox 921 1535 1076 1588; x_wconf 80' lang='grc' dir='ltr'>σκάφος</span> 
     </span>
    </p>

    <p class='ocr_par' dir='ltr' id='par_1_22' title="bbox 215 1601 1178 1654">
     <span class='ocr_line' id='line_1_33' title="bbox 215 1601 1178 1654; baseline 0 -12"><span class='ocrx_word' id='word_1_156' title='bbox 215 1602 302 1653; x_wconf 85' lang='grc' dir='ltr'>ἥσω</span> <span class='ocrx_word' id='word_1_157' title='bbox 328 1601 384 1643; x_wconf 85' lang='grc' dir='ltr'>’πὶ</span> <span class='ocrx_word' id='word_1_158' title='bbox 409 1602 553 1644; x_wconf 86' lang='grc' dir='ltr'>πόντον</span> <span class='ocrx_word' id='word_1_159' title='bbox 580 1602 745 1643; x_wconf 84' lang='grc' dir='ltr'>Σικελὸν</span> <span class='ocrx_word' id='word_1_160' title='bbox 771 1603 811 1645; x_wconf 84' lang='grc' dir='ltr'>ἕς</span> <span class='ocrx_word' id='word_1_161' title='bbox 835 1603 867 1642; x_wconf 85' lang='grc' dir='ltr'>τ’</span> <span class='ocrx_word' id='word_1_162' title='bbox 893 1602 991 1654; x_wconf 78' lang='grc' dir='ltr'>ἐμὴν</span> <span class='ocrx_word' id='word_1_163' title='bbox 1015 1602 1178 1654; x_wconf 85' lang='grc' dir='ltr'>πάτραν.</span> 
     </span>
    </p>

    <p class='ocr_par' dir='ltr' id='par_1_23' title="bbox 215 1668 1119 1722">
     <span class='ocr_line' id='line_1_34' title="bbox 215 1668 1119 1722; baseline 0.001 -13"><span class='ocrx_word' id='word_1_164' title='bbox 215 1668 260 1709; x_wconf 86' lang='grc' dir='ltr'>οὐ</span> <span class='ocrx_word' id='word_1_165' title='bbox 285 1669 380 1720; x_wconf 84' lang='grc' dir='ltr'>δῆτ’,</span> <span class='ocrx_word' id='word_1_166' title='bbox 408 1670 496 1710; x_wconf 88' lang='grc' dir='ltr'>ἐπεί</span> <span class='ocrx_word' id='word_1_167' title='bbox 519 1687 565 1710; x_wconf 92' lang='grc' dir='ltr'>σε</span> <span class='ocrx_word' id='word_1_168' title='bbox 590 1669 703 1720; x_wconf 87' lang='grc' dir='ltr'>τῆσδ’</span> <span class='ocrx_word' id='word_1_169' title='bbox 729 1668 951 1722; x_wconf 83' lang='grc' dir='ltr'>ἀπορρήξας</span> <span class='ocrx_word' id='word_1_170' title='bbox 976 1668 1119 1720; x_wconf 84' lang='grc' dir='ltr'>πέτρας</span> 
     </span>
    </p>

    <p class='ocr_par' dir='ltr' id='par_1_24' title="bbox 217 1735 1439 1856">
     <span class='ocr_line' id='line_1_35' title="bbox 218 1735 1439 1789; baseline 0.002 -13"><span class='ocrx_word' id='word_1_171' title='bbox 218 1735 372 1776; x_wconf 79' lang='grc' dir='ltr'>αὐτοῖσι</span> <span class='ocrx_word' id='word_1_172' title='bbox 397 1736 656 1777; x_wconf 84' lang='grc' dir='ltr'>συνναύταισι</span> <span class='ocrx_word' id='word_1_173' title='bbox 681 1738 886 1789; x_wconf 82' lang='grc' dir='ltr'>συντρίψω</span> <span class='ocrx_word' id='word_1_174' title='bbox 912 1737 1063 1787; x_wconf 78' lang='grc' dir='ltr'>βαλών.</span> <span class='ocrx_word' id='word_1_175' title='bbox 1377 1746 1439 1779; x_wconf 88' lang='lat'>705</span> 
     </span>
     <span class='ocr_line' id='line_1_36' title="bbox 217 1801 1139 1856; baseline 0.001 -13"><span class='ocrx_word' id='word_1_176' title='bbox 217 1802 297 1843; x_wconf 79' lang='grc' dir='ltr'>ἅνω</span> <span class='ocrx_word' id='word_1_177' title='bbox 321 1802 354 1843; x_wconf 89' lang='grc' dir='ltr'>δ’</span> <span class='ocrx_word' id='word_1_178' title='bbox 380 1802 441 1843; x_wconf 82' lang='grc' dir='ltr'>ἐπ’</span> <span class='ocrx_word' id='word_1_179' title='bbox 468 1804 590 1856; x_wconf 81' lang='grc' dir='ltr'>ὄχθον</span> <span class='ocrx_word' id='word_1_180' title='bbox 616 1804 706 1855; x_wconf 73' lang='grc' dir='ltr'>εἶμι,</span> <span class='ocrx_word' id='word_1_181' title='bbox 733 1804 872 1855; x_wconf 91' lang='grc' dir='ltr'>καίπερ</span> <span class='ocrx_word' id='word_1_182' title='bbox 897 1801 951 1843; x_wconf 77' lang='grc' dir='ltr'>ὢν</span> <span class='ocrx_word' id='word_1_183' title='bbox 975 1803 1139 1854; x_wconf 82' lang='grc' dir='ltr'>τυφλός,</span> 
     </span>
    </p>

    <p class='ocr_par' dir='ltr' id='par_1_25' title="bbox 219 1865 1148 1923">
     <span class='ocr_line' id='line_1_37' title="bbox 219 1865 1148 1923; baseline -0.001 -13"><span class='ocrx_word' id='word_1_184' title='bbox 219 1869 267 1910; x_wconf 84' lang='grc' dir='ltr'>δι’</span> <span class='ocrx_word' id='word_1_185' title='bbox 292 1870 534 1923; x_wconf 84' lang='grc' dir='ltr'>ἇμφιτρῆτος</span> <span class='ocrx_word' id='word_1_186' title='bbox 559 1872 681 1921; x_wconf 82' lang='grc' dir='ltr'>τῆσδε</span> <span class='ocrx_word' id='word_1_187' title='bbox 705 1865 994 1923; x_wconf 58' lang='grc' dir='ltr'>’Ϋπροσβαίνων</span> <span class='ocrx_word' id='word_1_188' title='bbox 1018 1865 1148 1910; x_wconf 72' lang='grc' dir='ltr'>ποδί.“Ι“</span> 
     </span>
    </p>
   </div>
   <div class='ocr_carea' id='block_1_11' title="bbox 119 1936 1443 2397">
    <p class='ocr_par' dir='ltr' id='par_1_26' title="bbox 119 1936 1087 2059">
     <span class='ocr_line' id='line_1_38' title="bbox 119 1936 1087 1989; baseline 0.002 -13"><span class='ocrx_word' id='word_1_189' title='bbox 119 1939 192 1976; x_wconf 80' lang='lat' dir='ltr'>Xo.</span> <span class='ocrx_word' id='word_1_190' title='bbox 217 1936 327 1988; x_wconf 85' lang='grc' dir='ltr'>ἡμεῖς</span> <span class='ocrx_word' id='word_1_191' title='bbox 353 1938 395 1977; x_wconf 79' lang='grc' dir='ltr'>δὲ</span> <span class='ocrx_word' id='word_1_192' title='bbox 419 1938 634 1978; x_wconf 79' lang='grc' dir='ltr'>συνναῦταί</span> <span class='ocrx_word' id='word_1_193' title='bbox 656 1954 700 1989; x_wconf 94' lang='grc' dir='ltr'>γε</span> <span class='ocrx_word' id='word_1_194' title='bbox 725 1937 828 1978; x_wconf 83' lang='grc' dir='ltr'>τοῦδ’</span> <span class='ocrx_word' id='word_1_195' title='bbox 856 1936 1087 1978; x_wconf 85' lang='grc' dir='ltr'>Ὀδυσσέως</span> 
     </span>
     <span class='ocr_line' id='line_1_39' title="bbox 219 2002 1060 2059; baseline 0.001 -16"><span class='ocrx_word' id='word_1_196' title='bbox 219 2005 330 2046; x_wconf 84' lang='grc' dir='ltr'>ὄντες</span> <span class='ocrx_word' id='word_1_197' title='bbox 356 2003 400 2044; x_wconf 85' lang='grc' dir='ltr'>τὸ</span> <span class='ocrx_word' id='word_1_198' title='bbox 424 2002 568 2044; x_wconf 85' lang='grc' dir='ltr'>λοιπὸν</span> <span class='ocrx_word' id='word_1_199' title='bbox 594 2006 752 2059; x_wconf 81' lang='grc' dir='ltr'>Βακχίῳ</span> <span class='ocrx_word' id='word_1_200' title='bbox 780 2003 1060 2055; x_wconf 81' lang='grc' dir='ltr'>δουλεύσομεν.</span> 
     </span>
    </p>

    <p class='ocr_par' dir='ltr' id='par_1_27' title="bbox 119 2094 1443 2397">
     <span class='ocr_line' id='line_1_40' title="bbox 162 2094 1442 2138; baseline -0.002 -11"><span class='ocrx_word' id='word_1_201' title='bbox 162 2098 226 2136; x_wconf 87' lang='grc'>683</span> <span class='ocrx_word' id='word_1_202' title='bbox 251 2102 305 2129; x_wconf 83' lang='grc' dir='ltr'>Κυ.</span> <span class='ocrx_word' id='word_1_203' title='bbox 324 2101 403 2127; x_wconf 85' lang='lat' dir='ltr'>ante</span> <span class='ocrx_word' id='word_1_204' title='bbox 422 2097 508 2138; x_wconf 83' lang='grc' dir='ltr'>ἔχεις</span> <span class='ocrx_word' id='word_1_205' title='bbox 525 2096 628 2127; x_wconf 81' lang='lat' dir='ltr'>habet</span> <span class='ocrx_word' id='word_1_206' title='bbox 645 2096 671 2127; x_wconf 88' lang='lat' dir='ltr'>P</span> <span class='ocrx_word' id='word_1_207' title='bbox 688 2097 748 2127; x_wconf 81' lang='lat' dir='ltr'>sed</span> <span class='ocrx_word' id='word_1_208' title='bbox 765 2097 907 2137; x_wconf 79' lang='lat' dir='ltr'>spatium</span> <span class='ocrx_word' id='word_1_209' title='bbox 926 2101 1003 2135; x_wconf 77' lang='lat' dir='ltr'>post</span> <span class='ocrx_word' id='word_1_210' title='bbox 1021 2096 1107 2136; x_wconf 80' lang='grc' dir='ltr'>ἔχεις</span> <span class='ocrx_word' id='word_1_211' title='bbox 1240 2095 1300 2132; x_wconf 76' lang='lat'>684</span> <span class='ocrx_word' id='word_1_212' title='bbox 1328 2094 1442 2125; x_wconf 77' lang='grc' dir='ltr'>παίσας</span> 
     </span>
     <span class='ocr_line' id='line_1_41' title="bbox 122 2137 1443 2182; baseline -0.002 -12"><span class='ocrx_word' id='word_1_213' title='bbox 122 2139 199 2180; x_wconf 79' lang='lat' dir='ltr'>Lp:</span> <span class='ocrx_word' id='word_1_214' title='bbox 224 2143 336 2173; x_wconf 81' lang='grc' dir='ltr'>παῖδας</span> <span class='ocrx_word' id='word_1_215' title='bbox 354 2141 380 2171; x_wconf 87' lang='lat' dir='ltr'>P</span> <span class='ocrx_word' id='word_1_216' title='bbox 555 2140 620 2170; x_wconf 86' lang='lat'>686</span> <span class='ocrx_word' id='word_1_217' title='bbox 644 2140 806 2182; x_wconf 78' lang='grc' dir='ltr'>περιάγου,</span> <span class='ocrx_word' id='word_1_218' title='bbox 831 2143 919 2172; x_wconf 81' lang='grc' dir='ltr'>κεῖσε</span> <span class='ocrx_word' id='word_1_219' title='bbox 944 2140 1084 2170; x_wconf 82' lang='lat' dir='ltr'>Nauck:</span> <span class='ocrx_word' id='word_1_220' title='bbox 1115 2137 1301 2179; x_wconf 78' lang='grc' dir='ltr'>περιάγουσί</span> <span class='ocrx_word' id='word_1_221' title='bbox 1323 2150 1359 2168; x_wconf 85' lang='grc' dir='ltr'>σε</span> <span class='ocrx_word' id='word_1_222' title='bbox 1380 2137 1443 2166; x_wconf 89' lang='lat' dir='ltr'>LP</span> 
     </span>
     <span class='ocr_line' id='line_1_42' title="bbox 120 2179 1442 2223; baseline -0.003 -10"><span class='ocrx_word' id='word_1_223' title='bbox 120 2185 184 2214; x_wconf 87' lang='grc'>688</span> <span class='ocrx_word' id='word_1_224' title='bbox 229 2183 336 2223; x_wconf 73' lang='grc' dir='ltr'>οὗτος]</span> <span class='ocrx_word' id='word_1_225' title='bbox 377 2183 461 2216; x_wconf 73' lang='grc' dir='ltr'>οὖτις</span> <span class='ocrx_word' id='word_1_226' title='bbox 501 2183 662 2223; x_wconf 84' lang='lat' dir='ltr'>Hartung</span> <span class='ocrx_word' id='word_1_227' title='bbox 846 2185 911 2222; x_wconf 85' lang='lat'>690</span> <span class='ocrx_word' id='word_1_228' title='bbox 957 2183 1035 2222; x_wconf 80' lang='grc' dir='ltr'>σῶμ’</span> <span class='ocrx_word' id='word_1_229' title='bbox 1074 2181 1218 2211; x_wconf 85' lang='lat' dir='ltr'>Canter:</span> <span class='ocrx_word' id='word_1_230' title='bbox 1264 2179 1338 2220; x_wconf 77' lang='grc' dir='ltr'>δῶμ’</span> <span class='ocrx_word' id='word_1_231' title='bbox 1379 2180 1442 2210; x_wconf 92' lang='lat' dir='ltr'>LP</span> 
     </span>
     <span class='ocr_line' id='line_1_43' title="bbox 119 2224 1442 2268; baseline -0.002 -12"><span class='ocrx_word' id='word_1_232' title='bbox 119 2228 182 2265; x_wconf 86' lang='lat'>694</span> <span class='ocrx_word' id='word_1_233' title='bbox 209 2227 444 2268; x_wconf 81' lang='grc' dir='ltr'>διεπυρώσαμεν</span> <span class='ocrx_word' id='word_1_234' title='bbox 469 2226 531 2257; x_wconf 83' lang='lat' dir='ltr'>Fix</span> <span class='ocrx_word' id='word_1_235' title='bbox 659 2236 717 2265; x_wconf 90' lang='lat'>701</span> <span class='ocrx_word' id='word_1_236' title='bbox 743 2227 853 2268; x_wconf 78' lang='grc' dir='ltr'>λέγεις</span> <span class='ocrx_word' id='word_1_237' title='bbox 872 2227 995 2265; x_wconf 84' lang='lat' dir='ltr'>Paley:</span> <span class='ocrx_word' id='word_1_238' title='bbox 1021 2224 1107 2266; x_wconf 82' lang='grc' dir='ltr'>λέγω</span> <span class='ocrx_word' id='word_1_239' title='bbox 1126 2224 1190 2254; x_wconf 83' lang='lat' dir='ltr'>LP</span> <span class='ocrx_word' id='word_1_240' title='bbox 1327 2233 1388 2261; x_wconf 86' lang='lat'>703</span> <span class='ocrx_word' id='word_1_241' title='bbox 1412 2225 1442 2254; x_wconf 81' lang='grc' dir='ltr'>ἔς</span> 
     </span>
     <span class='ocr_line' id='line_1_44' title="bbox 121 2266 1443 2310; baseline -0.004 -10"><span class='ocrx_word' id='word_1_242' title='bbox 121 2270 151 2302; x_wconf 81' lang='grc' dir='ltr'>τ’</span> <span class='ocrx_word' id='word_1_243' title='bbox 177 2269 253 2310; x_wconf 81' lang='lat' dir='ltr'>(sic)</span> <span class='ocrx_word' id='word_1_244' title='bbox 283 2269 367 2300; x_wconf 86' lang='lat' dir='ltr'>LP:</span> <span class='ocrx_word' id='word_1_245' title='bbox 402 2272 445 2302; x_wconf 83' lang='grc' dir='ltr'>εἰς</span> <span class='ocrx_word' id='word_1_246' title='bbox 473 2270 706 2301; x_wconf 86' lang='lat' dir='ltr'>Schumacher</span> <span class='ocrx_word' id='word_1_247' title='bbox 851 2280 910 2308; x_wconf 79' lang='lat'>704</span> <span class='ocrx_word' id='word_1_248' title='bbox 931 2282 967 2300; x_wconf 81' lang='grc' dir='ltr'>σε</span> <span class='ocrx_word' id='word_1_249' title='bbox 991 2269 1066 2298; x_wconf 86' lang='lat' dir='ltr'>lP:</span> <span class='ocrx_word' id='word_1_250' title='bbox 1099 2281 1150 2308; x_wconf 75' lang='grc' dir='ltr'>γε,</span> <span class='ocrx_word' id='word_1_251' title='bbox 1180 2271 1216 2301; x_wconf 85' lang='lat' dir='ltr'>ut</span> <span class='ocrx_word' id='word_1_252' title='bbox 1243 2266 1384 2304; x_wconf 78' lang='lat' dir='ltr'>videtur,</span> <span class='ocrx_word' id='word_1_253' title='bbox 1418 2266 1443 2295; x_wconf 93' lang='lat' dir='ltr'>L</span> 
     </span>
     <span class='ocr_line' id='line_1_45' title="bbox 121 2311 1442 2354; baseline -0.003 -10"><span class='ocrx_word' id='word_1_254' title='bbox 121 2312 233 2353; x_wconf 82' lang='grc' dir='ltr'>τῆσδ’]</span> <span class='ocrx_word' id='word_1_255' title='bbox 258 2312 367 2343; x_wconf 81' lang='lat' dir='ltr'>malim</span> <span class='ocrx_word' id='word_1_256' title='bbox 390 2312 504 2345; x_wconf 77' lang='grc' dir='ltr'>τοίσδέ</span> <span class='ocrx_word' id='word_1_257' title='bbox 538 2313 627 2351; x_wconf 81' lang='grc' dir='ltr'>τήνδ’</span> <span class='ocrx_word' id='word_1_258' title='bbox 652 2336 659 2345; x_wconf 84' lang='grc'>.</span> <span class='ocrx_word' id='word_1_259' title='bbox 689 2336 696 2344; x_wconf 89' lang='grc'>.</span> <span class='ocrx_word' id='word_1_260' title='bbox 724 2339 730 2345; x_wconf 91' lang='grc'>,</span> <span class='ocrx_word' id='word_1_261' title='bbox 756 2313 876 2354; x_wconf 83' lang='grc' dir='ltr'>πέτραν</span> <span class='ocrx_word' id='word_1_262' title='bbox 902 2311 1082 2342; x_wconf 76' lang='lat' dir='ltr'>Kirchhoff</span> <span class='ocrx_word' id='word_1_263' title='bbox 1256 2320 1315 2348; x_wconf 89' lang='lat'>707</span> <span class='ocrx_word' id='word_1_264' title='bbox 1349 2321 1442 2350; x_wconf 82' lang='grc' dir='ltr'>προσ-</span> 
     </span>
     <span class='ocr_line' id='line_1_46' title="bbox 122 2352 1442 2397; baseline -0.004 -9"><span class='ocrx_word' id='word_1_265' title='bbox 122 2357 240 2392; x_wconf 81' lang='grc' dir='ltr'>βαίνων</span> <span class='ocrx_word' id='word_1_266' title='bbox 256 2356 328 2388; x_wconf 87' lang='grc' dir='ltr'>ποδί</span> <span class='ocrx_word' id='word_1_267' title='bbox 344 2355 400 2386; x_wconf 83' lang='lat' dir='ltr'>vix</span> <span class='ocrx_word' id='word_1_268' title='bbox 417 2365 518 2388; x_wconf 80' lang='lat' dir='ltr'>sana:</span> <span class='ocrx_word' id='word_1_269' title='bbox 545 2357 753 2397; x_wconf 83' lang='grc' dir='ltr'>προσβαίνειν</span> <span class='ocrx_word' id='word_1_270' title='bbox 769 2355 899 2387; x_wconf 78' lang='lat' dir='ltr'>Verrall</span> <span class='ocrx_word' id='word_1_271' title='bbox 994 2355 1121 2385; x_wconf 75' lang='lat' dir='ltr'>subscr.</span> <span class='ocrx_word' id='word_1_272' title='bbox 1141 2353 1234 2386; x_wconf 80' lang='grc' dir='ltr'>τέλος</span> <span class='ocrx_word' id='word_1_273' title='bbox 1252 2356 1307 2384; x_wconf 81' lang='grc' dir='ltr'>τοῦ</span> <span class='ocrx_word' id='word_1_274' title='bbox 1324 2352 1442 2384; x_wconf 83' lang='grc' dir='ltr'>κύκλω-</span> 
     </span>
    </p>
   </div>
   <div class='ocr_carea' id='block_1_12' title="bbox 123 2397 244 2432">
    <p class='ocr_par' dir='ltr' id='par_1_28' title="bbox 123 2397 244 2432">
     <span class='ocr_line' id='line_1_47' title="bbox 123 2397 244 2432; baseline -0.017 -1"><span class='ocrx_word' id='word_1_275' title='bbox 123 2410 180 2432; x_wconf 83' lang='grc' dir='ltr'>πος</span> <span class='ocrx_word' id='word_1_276' title='bbox 197 2397 244 2429; x_wconf 81' lang='grc' dir='ltr'>ΖΡ</span> 
     </span>
    </p>
   </div>
  </div>
 </body>
</html>
