1683 2732
726 100 931 138 EKABH

268 200 316 253 ἢν
341 208 449 244 τοῖσι
471 207 639 245 πολλοῖς
664 202 761 255 πρὸς
785 202 904 255 χάριν
929 202 1073 255 λέγητέ
1096 219 1145 243 τι.

270 270 367 321 ἀτὰρ
393 271 434 310 τί
454 270 500 320 δὴ
528 270 712 321 σόφισμα
736 268 840 308 τοῦθ’
866 269 1077 320 ἡγούμενοι

268 337 308 377 ἐς
333 335 449 386 τήνδε
473 338 593 376 παῖδα
616 338 761 387 ψῆφον
787 335 937 387 ὥρισαν
963 336 1108 387 φόνου;

269 403 415 454 πότερα
438 401 482 441 τὸ
507 404 609 454 χρῆν
634 401 708 454 σφ’
734 399 903 454 ἐπήγαγ’
930 401 1292 454 ἀνθρωποσφαγεῖν
1430 408 1493 439 260

267 468 365 520 πρὸς
387 469 553 519 τύμβον,
581 467 675 508 ἔνθα
698 471 909 519 βουθυτεῖν
932 471 1089 519 μᾶλλον
1114 468 1271 520 πρέπεις

268 531 292 585 ἢ
316 535 405 576 τοὺς
431 535 647 577 κτανόντας
673 535 976 576 ἀνταποκτεῖναι
1000 534 1126 576 θέλων

267 603 307 643 ἐς
332 601 437 652 τήνδ’
463 601 676 655 Ἀχιλλεὺς
702 603 863 643 ἐνδίκως
888 603 1006 642 τείνει
1033 602 1178 654 φόνον;

268 668 360 708 ἀλλ’
386 668 498 709 οὐδὲν
524 668 641 708 αὐτὸν
666 668 734 718 ἥδε
759 668 796 721 γ’
822 670 1029 720 εἴργασται
1056 669 1186 709 κακόν.

266 734 436 786 Ἑλένην
462 752 523 775 νιν
547 737 671 775 αἰτεῖν
695 737 795 788 χρῆν
821 733 936 789 τάφῳ
964 735 1276 788 προσφάγματα·
1430 740 1491 779 265

268 802 372 852 κείνη
397 804 473 854 γὰρ
498 801 653 842 ὤλεο-έν
678 818 738 842 νιν
763 803 803 843 ἐς
826 802 973 853 Τροίαν
998 801 1031 841 τ’
1057 802 1156 854 ἄγει.

268 870 300 909 εἰ
324 868 356 908 δ’
383 869 646 922 αἰχμαλώτων
671 867 747 921 χρή
774 868 847 909 τιν’
874 868 1051 920 ἔκκριτον
1077 871 1209 909 θανεῖν

269 934 408 975 κάλλει
432 935 467 975 θ’
492 934 809 987 ὑπερφέρουσαν,
837 934 911 988 οὐχ
935 935 1043 986 ἡμῶν
1068 936 1169 975 τόδε·

266 1002 288 1052 ἡ
314 1002 508 1053 Τυνδαρὶς
534 1004 608 1054 γὰρ
635 1002 736 1043 εἶδος
763 1001 1075 1053 ἐκπρεπεστάτη,

267 1067 456 1108 ἀδικοῦσά
480 1068 514 1108 θ’
540 1068 649 1118 ἡμῶν
674 1069 787 1109 οὐδὲν
811 1068 943 1118 ἧσσον
967 1068 1122 1120 ηὑρέθη.
1430 1079 1493 1112 270

266 1138 318 1189 τῷ
343 1137 414 1185 μὲν
440 1135 573 1189 δικαίῳ
599 1134 703 1175 τόνδ’
729 1136 956 1186 ἃμιλλῶμαι
980 1135 1116 1188 λόγον·

267 1201 290 1241 ἃ
315 1201 347 1240 δ’
374 1202 595 1242 ἀντιδοῦναι
619 1205 681 1242 δεῖ
703 1201 741 1240 σ’
768 1202 1012 1252 ἀπαιτούσης
1038 1203 1143 1252 ἐμοῦ,

266 1267 450 1308 ἄκουσον.
521 1268 614 1320 ἥψω
640 1270 708 1318 τῆς
734 1269 842 1318 ἐμῆς,
870 1268 921 1309 ὡς
946 1270 1037 1324 φῄς,
1065 1268 1182 1321 χερὸς

267 1335 329 1374 καὶ
355 1337 475 1385 τῆσδε
501 1336 639 1387 γραίας
665 1336 919 1387 προσπίτνων
946 1336 1145 1387 παρηίδος·

267 1400 518 1452 ἆνθάπτομαί
540 1418 614 1441 σου
638 1404 762 1442 τῶνδε
787 1405 865 1442 τῶν
891 1401 1017 1441 αὐτῶν
1042 1402 1119 1454 ἐγὼ
1427 1414 1489 1445 275

266 1467 384 1521 χάριν
411 1467 444 1507 τ’
471 1469 621 1509 ἀπαιτῶ
648 1468 719 1518 τὴν
744 1468 825 1508 τόθ’
853 1468 1008 1509 ἱκετεύω
1034 1467 1076 1508 τέ
1103 1485 1163 1514 σε,

265 1534 317 1586 μή
342 1552 415 1586 μου
440 1534 483 1574 τὸ
508 1534 645 1575 τέκνον
673 1536 713 1576 ἐκ
738 1539 865 1588 χερῶν
889 1534 1143 1591 ἀποσπάσῃς,

264 1604 362 1653 μηδὲ
389 1601 565 1652 κτάνητε·
604 1605 682 1642 τῶν
707 1602 953 1653 τεθνηκότων
978 1601 1079 1643 ἅλις.

264 1669 384 1725 ταύτῃ
410 1668 561 1721 γέγηθα
587 1668 854 1720 κάπιλήθομαι
880 1672 1021 1709 κακῶν·

268 1734 326 1785 ἥδ’
353 1735 439 1776 ἀντὶ
463 1739 627 1777 πολλῶν
653 1736 744 1776 ἐστί
765 1753 831 1787 μοι
857 1734 1088 1789 παραψυχή,
1429 1740 1489 1769 280

265 1803 394 1848 πόλις,
422 1802 571 1854 τιθήνη,
599 1802 787 1855 βάκτρον,
815 1803 972 1855 ἡγεμὼν
998 1803 1099 1843 ὁδοῦ.

266 1868 311 1909 οὐ
334 1869 424 1911 τοὺς
451 1873 685 1921 κρατοῦντας
710 1869 784 1923 χρὴ
813 1873 968 1922 κρατεῖν
993 1870 1017 1909 ἃ
1040 1868 1091 1920 μὴ
1118 1868 1259 1921 χρεών,

266 1935 346 1976 οὐδ’
373 1935 632 1989 εὐτυχοῦντας
658 1936 698 1977 εῦ
724 1939 854 1976 δοκεῖν
879 1934 1041 1988 πράξειν
1068 1936 1140 1975 ἀεί·

209 2029 273 2058 260
295 2029 334 2060 τὸ
351 2031 433 2069 χρῆν
452 2029 551 2059 etiam
568 2033 611 2062 Σε
636 2030 674 2061 τὸ
692 2030 755 2070 χρὴ
775 2029 893 2059 Nauck
912 2029 960 2069 (et
978 2028 1039 2068 FZ)
1176 2027 1447 2069 ἀνθρωποκτονεῖν
1466 2027 1492 2057 Ρ

166 2070 297 2109 (errore
314 2082 357 2102 ex
375 2073 413 2109 Σ)
432 2082 506 2102 eum
526 2071 713 2110 Eustathio‚
731 2082 763 2111 p.
788 2082 872 2111 1179
971 2073 1034 2109 263
1059 2070 1139 2102 τίνει
1158 2069 1234 2100 MA
1332 2071 1395 2109 265
1420 2083 1492 2112 προ-

165 2114 344 2155 σφάγματα
362 2115 388 2144 Ρ
400 2115 430 2145 Ο
445 2126 452 2147 z
478 2114 676 2157 πρόσφαγμά
691 2129 723 2147 τι
740 2116 770 2145 V
785 2127 791 2146 :
815 2115 1016 2156 πρόσφαγμα
1031 2114 1102 2144 rell.
1194 2114 1255 2151 267
1281 2113 1491 2154 αἰχμάλωτον

166 2158 198 2187 Μ
210 2158 239 2187 V
251 2158 278 2188 Ρ
362 2159 430 2197 *269
455 2159 701 2200 ἐκπρεπεστάτη
720 2159 751 2189 Μ
772 2171 779 2190 :
804 2158 1051 2201 εὐπρεπεστάτη
1070 2156 1118 2186 Μ2
1132 2156 1202 2188 rell.
1302 2167 1367 2195 270
1389 2156 1491 2194 ἧττον

164 2201 273 2231 AVP
414 2212 475 2240 274
500 2205 628 2244 γεραιᾶς
646 2203 740 2233 codd.
758 2214 764 2234 :
791 2213 875 2233 corr.
897 2202 1107 2232 Valckenaer
1211 2200 1375 2242 παρειάδος
1393 2201 1487 2231 codd.

166 2245 223 2281 (ex
239 2246 389 2287 παρηίδος
408 2250 441 2276 et
456 2245 620 2287 γενειάδος
637 2251 758 2283 ortum,
777 2252 812 2277 ut
829 2246 913 2287 vid.)
932 2256 939 2275 :
965 2255 1051 2277 corr.
1072 2244 1253 2284 Byzantini
1355 2244 1419 2282 276
1442 2244 1489 2284 τ’]

164 2289 191 2320 δ’
211 2289 242 2318 Μ
392 2300 453 2328 277
479 2291 586 2331 χειρὸς
603 2289 650 2319 V:
678 2300 795 2320 rasura
813 2290 846 2319 in
866 2290 892 2319 L
1040 2299 1104 2327 279
1128 2289 1194 2319 del.
1215 2288 1384 2326 Hartung.
1435 2287 1485 2318 Cf.

165 2331 223 2361 Or.
251 2333 302 2362 66.
355 2332 481 2363 Habuit
499 2332 563 2366 >JV
581 2332 715 2371 (recens
737 2333 919 2373 scholium)
1061 2333 1121 2362 281
1148 2332 1258 2372 πόλις]
1279 2332 1368 2363 ἐλπὶς
1392 2330 1489 2361 Privz

165 2375 229 2404 282
245 2376 303 2406 τὸν
320 2378 498 2416 κρατοῦντα
515 2376 607 2406 Stob.
632 2386 702 2415 105.
722 2387 764 2407 20
897 2377 959 2415 283
983 2375 1140 2418 πράσσειν
1156 2376 1186 2406 V
