1651 2780
596 96 940 133 ΕΥΡΙΠΙΔΟΥ

202 198 296 239 ὥστ’
323 201 362 241 ἐς
387 198 596 251 τυράννους
623 198 765 251 ἄνδρας
791 198 1083 251 ἐξαμαρτάνειν.

202 267 253 307 σὺ
278 268 352 318 γὰρ
373 267 412 307 τί
432 265 472 317 μ’
496 266 702 317 ἠδίκηκας;
742 265 875 317 ἐξέδου
902 267 1017 318 κόρην

201 334 277 388 ὅτῳ
303 350 350 374 σε
376 332 494 384 θυμὸς
520 332 626 386 ἦγεν.
690 333 781 374 ἀλλ’
806 333 899 385 ἐμὸν
924 334 1044 374 πόσιν
1373 346 1432 378 310

201 404 319 451 μισῶ·
357 401 406 441 σὺ
431 399 478 447 δ’,
506 401 626 451 οἶμαι,
655 404 876 453 σωφρονῶν
902 401 1016 452 ἔδρας
1040 400 1144 441 τάδε.

203 468 265 508 καὶ
289 471 357 508 νῦν
382 467 426 508 τὸ
451 470 523 519 μὲν
549 467 623 509 σὸν
649 469 693 509 οὐ
718 471 852 520 φθονῶ
879 472 1008 510 καλῶς
1032 468 1153 521 ἔχειν·

201 534 423 587 νυμφεύετ’,
451 535 492 576 εὗ
517 534 752 587 πράσσοιτε·
789 534 904 586 τήνδε
929 536 970 575 δὲ
994 535 1122 588 χθόνα

202 601 291 642 ἐᾶτέ
313 601 353 652 μ’
379 604 512 643 οἰκεῖν.
576 603 638 643 καὶ
663 603 738 654 γὰρ
763 601 988 653 ἠδικημένοι

202 669 494 720 σιγησόμεσθα,
524 669 769 721 κρεισσόνων
793 669 1013 720 νικώμενοι.
1371 682 1432 713 315

104 738 172 788 Κρ.
199 734 331 787 λέγεις
356 736 520 776 ἀκοῦσαι
544 735 729 786 μαλθάκ’,
756 735 847 776 ἀλλ’
873 735 953 776 ἔσω
979 739 1134 787 φρενῶν

201 803 367 854 ὀρρωδία
390 820 456 853 μοι
480 801 531 854 μή
557 820 594 843 τι
619 803 845 859 βουλεύσῃς
872 803 1002 849 κακόν,

201 869 307 923 τόσῳ
333 868 376 910 δέ
399 869 435 921 γ’
460 869 591 919 ἧσσον
615 866 638 919 ἢ
664 869 787 921 πάρος
812 868 980 910 πέποιθά
1005 886 1084 910 σοι·

202 935 298 987 γυνὴ
324 937 399 988 γὰρ
424 935 627 987 ὀξύθυμος,
656 935 707 977 ὡς
732 935 764 975 δ’
790 936 914 978 αὔτως
939 935 1047 989 ἀνήρ,

201 1000 304 1056 ῥᾴων
328 1002 560 1054 φυλάσσειν
585 999 608 1052 ἦ
636 1002 839 1052 σιωπηλὸς
864 1003 1006 1055 σοφός.
1370 1016 1435 1046 320

202 1068 294 1108 ἀλλ’
320 1068 415 1120 ἔξιθ’
441 1069 492 1111 ὡς
516 1068 702 1122 τάχιστα,
729 1069 780 1121 μὴ
805 1069 949 1122 λόγους
973 1069 1082 1121 λέγε·

201 1135 252 1177 ὡς
276 1135 383 1176 ταῦτ’
409 1135 539 1187 ἄραρε,
569 1135 658 1176 κούκ
684 1136 789 1189 ἔχεις
813 1134 958 1189 τέχνην
982 1136 1088 1178 ὅπως

201 1206 330 1253 μενεῖς
356 1202 446 1255 παρ’
471 1203 563 1254 ἡμῖν
589 1202 691 1243 οὖσα
715 1202 910 1254 δυσμενὴς
935 1204 1034 1254 ἐμοί.

104 1271 184 1318 Mn.
205 1267 271 1320 μή,
299 1270 395 1321 πρός
420 1286 468 1310 σε
493 1269 671 1322 γονάτων
696 1272 765 1320 τῆς
789 1287 832 1310 τε
856 1269 1051 1322 νεογάμου
1075 1270 1204 1322 κόρης.

105 1338 174 1386 Κρ.
199 1336 344 1387 λόγους
369 1337 543 1378 ἇναλοΐς·
582 1336 626 1376 οὐ
651 1338 726 1388 γὰρ
750 1335 798 1378 ἂν
824 1337 980 1378 πείσαις
1006 1336 1114 1378 ποτέ.
1372 1350 1432 1381 325

104 1404 184 1452 Μη.
206 1401 298 1442 ἀλλ’
325 1401 463 1457 ἐξελᾷς
487 1420 536 1453 με
563 1403 697 1444 κούδὲν
722 1402 862 1459 αἰδέσῃ
887 1402 1019 1449 λιτάς;

104 1471 173 1520 Κρ.
201 1472 307 1520 φιλῶ
333 1470 408 1521 γὰρ
433 1469 478 1509 οὐ
503 1471 551 1510 σὲ
575 1472 730 1520 μᾶλλον
754 1466 777 1520 ἢ
803 1470 944 1521 δόμους
969 1470 1097 1520 ἐμούς.

103 1538 184 1585 Μη.
205 1533 235 1575 ὦ
261 1536 411 1587 πατρίς,
438 1536 490 1578 ὥς
515 1553 588 1577 σου
614 1535 734 1589 κάρτα
758 1539 827 1577 νῦν
851 1536 989 1586 μνείαν
1013 1536 1107 1589 ἔχω.

103 1604 173 1653 Κρ.
200 1601 306 1652 πλὴν
331 1604 405 1655 γὰρ
428 1601 574 1643 τέκνων
600 1603 733 1655 ἔμοιγε
757 1603 951 1655 φίλτατον
976 1603 1092 1644 πολύ.

104 1671 185 1718 Μη.
206 1672 281 1721 φεῦ
306 1672 394 1720 φεῦ,
421 1672 583 1721 βροτοῖς
609 1669 749 1721 ἔρωτες
774 1670 826 1711 ὡς
852 1669 971 1710 κακὸν
995 1669 1110 1722 μέγα.
1368 1681 1433 1714 330

104 1737 174 1786 Κρ.
206 1735 311 1777 ὅπως
334 1735 394 1782 ἄν,
421 1736 540 1786 οἶμαι,
570 1736 630 1776 καὶ
657 1740 912 1788 παραστῶσιν
935 1737 1066 1790 τύχαι.

103 1804 185 1852 Μη.
205 1805 293 1848 Ζεῦ,
319 1802 371 1853 μὴ
395 1801 511 1843 λάθοι
536 1820 583 1844 σε
609 1803 721 1843 τῶνδ’
748 1802 790 1845 ὃς
816 1805 939 1845 αἴτιος
965 1807 1106 1844 κακῶν.

103 1870 174 1920 Κρ.
205 1868 302 1920 ἕρπ’,
329 1867 358 1909 ὦ
382 1871 540 1920 ματαία,
570 1871 635 1910 καί
656 1869 695 1920 μ’
720 1868 954 1920 ἀπάλλαξον
978 1871 1123 1914 πόνων.

102 1937 185 1984 Μη.
204 1939 399 1987 πονοῦμεν
423 1936 534 1988 ἡμεῖς
561 1937 629 1977 κού
653 1937 785 1978 πόνων
812 1935 1045 1990 κεχρήμεθα.

144 2027 208 2066 308
243 2028 338 2069 ὥστ’]
372 2029 413 2061 ὣς
443 2028 476 2059 Α
651 2039 716 2068 309
751 2029 791 2061 σὺ
821 2029 883 2070 ’γὰρ
914 2029 947 2060 τί
975 2028 1058 2060 LP:
1094 2028 1128 2060 τί
1156 2028 1219 2070 γὰρ
1251 2029 1291 2060 σὺ
1317 2027 1429 2059 AVB

100 2080 164 2109 313
188 2071 365 2112 πράσσοιτε
380 2071 491 2102 AVB
508 2083 513 2102 :
540 2072 703 2113 πράσσετε
722 2073 748 2103 L
762 2072 808 2102 P:
834 2072 1018 2114 πράσσοντε
1037 2071 1213 2103 Hermann
1321 2071 1372 2111 δὲ]
1390 2072 1429 2109 δὴ

103 2114 129 2143 L
141 2114 166 2144 P
178 2125 197 2145 v
360 2125 425 2154 317
450 2116 609 2158 βουλεύῃς
628 2116 780 2155 Elmsley
943 2116 1007 2155 318
1030 2114 1117 2155 τόσῳ
1135 2114 1172 2146 δέ
1185 2114 1236 2155 γ’]
1254 2113 1381 2156 τοσῷδέ
1394 2113 1428 2155 γ’

102 2157 127 2187 L
141 2157 188 2187 P:
213 2161 334 2199 τοσῷδε
352 2159 379 2190 δ’
397 2159 508 2190 AVB
629 2169 693 2198 319
718 2161 819 2191 αὔτως
835 2159 950 2189 VBl:
975 2160 1076 2191 αὕτως
1093 2158 1202 2188 ALP
1322 2168 1387 2197 320
1409 2158 1429 2195 ἢ

101 2200 369 2240 σιωπηλόστομος
382 2202 559 2233 Housman
649 2213 712 2243 322
738 2203 850 2243 ἔχειν
867 2213 873 2233 :
897 2212 981 2233 corr.
998 2213 1018 2232 v
1107 2211 1170 2241 323
1193 2204 1299 2242 μενεῖς
1314 2201 1428 2233 LPv:

100 2242 197 2286 μένῃς
214 2244 245 2274 Α
257 2245 287 2274 V
299 2245 325 2274 Β
441 2256 505 2286 329
529 2249 625 2278 πλεῖν
640 2247 702 2287 ’γὰρ
718 2246 841 2278 τέκνων
857 2247 1019 2287 φίλτατον
1037 2246 1146 2285 ἐμοί’γε
1164 2245 1247 2277 πολύ
1264 2245 1313 2275 V:
1339 2254 1426 2276 corr.

100 2286 215 2319 τέκνον
231 2288 270 2318 V'
285 2302 291 2319 z
319 2289 406 2327 πλὴν
421 2299 442 2320 v
531 2290 664 2330 κᾶμοιγε
683 2289 792 2320 Bothe
880 2289 982 2330 πολύ]
1000 2289 1093 2321 πόλις
1111 2288 1152 2319 B²
1257 2298 1321 2327 332
1345 2288 1428 2330 λάθῃ

102 2329 127 2359 L
142 2330 186 2362 P:
213 2341 299 2362 corr.
313 2337 338 2372 p
451 2342 514 2371 333
540 2332 623 2374 ἕρπ’]
643 2332 704 2374 ἔρρ’
721 2331 932 2364 Valckenaer
1046 2342 1109 2371 334
1133 2331 1241 2365 πόνοις
1257 2341 1425 2372 suprascr.

103 2373 158 2404 L¹:
184 2374 279 2407 πόνος
295 2374 364 2415 μέν·
390 2377 480 2415 ἡμεῖς
497 2376 524 2407 δ’
542 2377 577 2407 οὐ
594 2375 680 2416 πόνῳ
697 2376 902 2418 κεχρήμεθα;
921 2375 1102 2416 Musgrave
