1683 2732
720 101 925 140 EKABH

264 204 430 255 μισθοὺς
454 204 626 246 διδόντες
649 204 875 254 μανθάνειν,
902 203 951 244 ἵν’
974 204 1021 255 ἦν
1046 222 1142 246 ποτε

265 272 413 311 πείθειν
439 269 463 310 ἅ
487 287 544 311 τις
569 270 758 320 βούλοιτο
782 268 994 323 τυγχάνειν
1020 271 1063 310 θ”
1080 272 1177 321 ἄμα;

266 340 347 379 πῶς
371 337 438 377 οὖν
464 336 516 376 ἔτ’
541 335 589 376 ἄν
614 353 672 378 τις
697 337 863 377 ἐλπίσαι
888 335 1050 388 πράξειν
1076 341 1222 383 καλῶς;
1428 341 1493 372 820

267 404 304 443 οἱ
326 404 400 453 μὲν
423 404 498 455 γὰρ
523 404 634 444 ὄντες
658 406 794 445 παῖδες
819 402 943 443 οὐκέτ’
969 404 1051 444 εἰσί
1071 420 1150 454 μοι,

264 468 359 519 αὕτη
385 468 419 509 δ’
445 468 505 509 ἐπ’
531 470 714 522 αἰσχροῖς
739 469 1005 523 αἰχμάλωτος.
1066 471 1237 522 οἴχομαι·

267 535 414 576 καπνὸν
440 537 480 576 δὲ
506 536 660 578 πόλεως
684 536 788 577 τόνδ’
813 534 1128 591 ὑπερθρῴσκονθ’
1154 536 1242 587 ὁρῶ.

333 602 396 642 καὶ
420 601 656 654 μήν-ἴσως
680 605 752 654 μὲν
777 607 844 643 τοῦ
868 604 992 655 λόγου
1018 601 1131 643 κενὸν
1155 603 1257 648 τόδε,

268 669 420 721 Κύπριν
445 668 707 721 προβάλλειν·
746 669 836 710 ἀλλ’
863 670 966 720 ὅμως
992 668 1203 722 εἰρήσεται·
1428 673 1489 711 825

267 735 362 787 πρὸς
387 739 500 776 σοῖσι
524 739 706 787 πλευροῖς
732 739 822 778 παῖς
848 736 919 787 ἐμὴ
946 736 1158 787 κοιμίζεται

266 802 289 852 ἡ
315 802 478 854 φοιβάς,
497 800 552 852 ’ἢν
578 806 744 842 καλοῦσι
770 802 1010 854 Κασάνδραν
1035 803 1200 854 Φρύγες.

266 872 340 909 ποῦ
365 870 436 910 τὰς
460 870 582 921 φίλας
606 869 688 919 δῆτ’
714 869 908 922 εὐφρόνας
934 868 1083 920 δείξεις,
1113 866 1222 918 ἄναξ,

265 932 288 985 ἢ
313 939 390 976 τῶν
417 937 459 976 ἐν
484 935 575 992 εὐνῇ
602 935 805 988 φιλτάτων
830 935 1103 986 ἀσπασμάτων

266 1001 382 1055 χάριν
408 1001 479 1042 τίν’
505 1001 585 1052 ἕξει
609 1007 700 1045 παῖς
726 1002 810 1053 ἐμή,
840 1004 968 1053 κείνης
993 1001 1024 1042 δ’
1051 1002 1148 1054 ἐγώ;
1427 1005 1491 1045 830

265 1066 324 1120 [ἐκ
346 1072 413 1109 τοῦ
439 1069 583 1109 σκότου
606 1086 649 1109 τε
673 1073 749 1109 τῶν
774 1086 816 1109 τε
841 1069 1107 1121 νυκτερησίων

268 1136 447 1187 φίλτρων
471 1137 641 1187 μεγίστη
666 1137 844 1188 γίγνεται
868 1139 1029 1187 βροτοῖς
1054 1132 1195 1189 χάρις.]

267 1201 382 1242 ἄκουε
407 1201 451 1251 δή
477 1219 558 1242 νυν·
595 1201 663 1242 τὸν
689 1203 859 1243 θανόντα
882 1202 985 1242 τόνδ’
1011 1203 1122 1256 ὁρᾷς;

267 1272 405 1309 τοῦτον
430 1272 557 1309 καλῶς
582 1272 682 1321 δρῶν
707 1270 802 1309 ὄντα
827 1268 1020 1319 κηδεστὴν
1046 1268 1163 1309 σέθεν

267 1334 438 1387 δράσεις.
511 1335 598 1376 ἑνός
620 1352 687 1386 μοι
710 1339 830 1386 μῦθος
856 1335 990 1385 ἐνδεὴς
1017 1336 1086 1376 ἔτι.
1429 1337 1490 1378 835

267 1403 304 1442 εἴ
323 1418 391 1453 μοι
412 1401 569 1454 γένοιτο
593 1402 771 1454 φθόγγος
796 1403 839 1443 ἐν
863 1403 1058 1455 βραχίοσι

269 1469 330 1509 καὶ
354 1469 473 1522 χερσὶ
499 1469 561 1509 καὶ
588 1470 748 1519 κόμαισι
774 1470 835 1510 καὶ
862 1471 991 1509 ποδῶν
1016 1467 1141 1520 βάσει

267 1533 291 1586 ἢ
318 1533 522 1576 Δαιδάλου
543 1534 749 1589 τέχναισιν
772 1532 795 1586 ἦ
821 1539 920 1576 θεῶν
945 1552 1060 1581 τινος,

269 1602 320 1644 ὡς
344 1600 459 1642 πάνθ’
486 1603 634 1659 ὁμαρτῇ
659 1607 743 1643 σῶν
769 1603 924 1656 ἕχοιντο
949 1599 1149 1654 γουνάτων

268 1668 456 1714 κλαίοντ’,
483 1667 780 1719 ἐπισκήπτοντα
804 1669 1013 1710 παντοίους
1038 1669 1193 1720 λόγους.
1425 1671 1490 1710 840

267 1734 296 1776 ὦ
321 1735 495 1782 δέσποτ’,
522 1733 551 1775 ὦ
575 1735 768 1788 μέγιστον
785 1734 990 1786 θἙλλησιν
1015 1733 1129 1788 φάος,

267 1805 394 1849 πιθοῦ,
422 1800 628 1856 παράσχες
653 1807 767 1856 χεῖρα
791 1809 838 1860 τῇ
862 1802 1098 1855 πρεσβύτιδι

210 1895 284 1932 8Ι8,
303 1896 366 1933 819
388 1893 428 1926 ‘lv’
446 1893 485 1931 ἧν
502 1917 508 1924 .
530 1917 537 1924 .
560 1917 566 1924 .
587 1894 765 1935 τυγχάνειν
782 1904 846 1925 om.
863 1893 895 1923 A
997 1894 1061 1923 818
1085 1892 1124 1929 ἧν
1142 1892 1290 1931 Elmsley
1308 1901 1314 1921 τ
1340 1904 1374 1919 ÷÷÷1
1394 1890 1425 1920 M
1441 1891 1467 1920 Β
1484 1901 1489 1920 :

167 1937 186 1975 ἧ
206 1938 251 1968 M²
264 1937 302 1967 Β2
315 1938 340 1968 L
356 1937 382 1967 P
470 1938 535 1968 820
559 1940 624 1969 πῶς
637 1936 669 1966 Α
680 1937 706 1967 L
717 1937 765 1967 P:
790 1938 822 1969 τί
837 1937 868 1967 Μ
885 1938 911 1967 Β
993 1937 1110 1974 ἐλπίση
1126 1937 1151 1965 L
1240 1936 1299 1965 821
1326 1935 1388 1976 ’γὰρ
1402 1935 1491 1966 ὄντες

170 1981 202 2011 Μ
218 1982 243 2011 L
255 1981 285 2012 O
303 1993 309 2011 :
332 1984 482 2013 τοσοῦτοι
496 1980 527 2010 Α
544 1981 569 2010 Ρ
584 1992 591 2013 :
615 1981 743 2013 τοσοίδε
763 1981 790 2011 Β
812 1981 898 2019 (ποτ’
913 1980 1003 2012 ὄντες
1016 1979 1121 2019 Weil)
1224 1980 1287 2008 822
1312 1979 1391 2015 αὕτη
1408 1979 1429 2017 (⁶
1442 1987 1489 2008 SC.

173 2024 370 2063 Cassandra,
394 2034 478 2063 qnae
499 2025 587 2054 intus
611 2025 675 2054 est'
693 2024 839 2063 Verrall)
861 2023 960 2054 MA:
988 2024 1067 2061 αὐτὴ
1085 2022 1128 2052 A2
1153 2022 1223 2052 rell.
1369 2022 1432 2059 823
1457 2020 1490 2052 δὲ

169 2071 227 2106 τῆς
243 2068 368 2100 πόλεως
388 2068 414 2097 L
428 2068 472 2108 (V.
487 2068 578 2099 delet
590 2067 732 2105 VerralL
751 2068 791 2098 cs.
808 2078 859 2098 vv.
877 2069 897 2097 8
915 2072 948 2097 et
965 2068 1042 2106 940)
1133 2079 1183 2106 Ὑρ.
1206 2064 1447 2106 ὑπερτέλλοντα
1464 2063 1492 2094 Β

168 2112 230 2149 824
249 2112 357 2144 κενὺνἾ,
373 2111 461 2151 ξένον
475 2111 592 2142 Nauck
681 2112 745 2141 826
762 2113 839 2153 σῇσι
854 2111 958 2149 (σαῖσι
971 2110 1017 2150 Β)
1032 2111 1180 2150 πλευραῖς
1196 2109 1221 2138 L
1235 2108 1260 2138 P
1275 2108 1301 2138 Β
1392 2108 1452 2146 827
1471 2109 1490 2146 ἡ

169 2165 232 2185 om.
245 2155 272 2185 L
340 2155 404 2193 829
420 2154 455 2194 ἢ]
467 2157 527 2186 ποῦ
537 2154 751 2185 Herwerden
763 2154 812 2195 [et
824 2154 918 2195 χάριν
928 2153 1004 2193 τιν’)
1075 2153 1221 2191 83Ῑ,832
1239 2152 1302 2182 del.
1317 2151 1488 2182 Matthiae.

169 2197 398 2228 CitantOrion
411 2198 514 2228 Anth.
525 2199 593 2228 viii.
610 2208 645 2236 17
660 2210 667 2228 z
685 2199 797 2229 Schol.
812 2198 910 2228 Hom.
923 2197 987 2226 Od.
997 2208 1029 2227 x.
1042 2197 1100 2234 481
1117 2208 1123 2226 :
1140 2196 1281 2226 Tzetzes
1294 2195 1396 2232 Exeg.
1409 2205 1439 2233 p.
1450 2195 1491 2224 86

169 2242 228 2280 831
263 2241 399 2273 σκότους
424 2241 450 2271 Β
466 2241 491 2270 L
503 2241 529 2271 P
630 2255 667 2273 τε
691 2241 771 2282 τῶν]
797 2243 860 2283 ’γὰρ
886 2244 951 2273 τῶν
978 2240 1008 2269 Α
1024 2241 1049 2269 L
1074 2253 1126 2281 γρ.
1156 2240 1174 2269 l)
1278 2238 1492 2280 νυκτερησῖων

171 2285 289 2315 Nauck
305 2296 311 2314 ε
348 2284 503 2326 νυκτέρων
530 2285 690 2315 Tzetzes:
727 2285 884 2325 νυκτέρων
911 2284 992 2315 πάνυ
1018 2283 1049 2312 Λ
1062 2283 1091 2313 Ο
1106 2284 1142 2313 b:
1180 2282 1337 2323 νυκτέρων
1365 2284 1491 2323 βροτοῖς

172 2328 204 2358 Μ
219 2329 245 2359 L
259 2328 285 2358 P
296 2328 322 2358 F
411 2329 473 2366 832
490 2330 614 2366 θνητοῖς
629 2327 655 2357 L
670 2328 740 2358 Pet
753 2327 798 2357 Μ2
812 2328 845 2358 in
860 2337 923 2358 ras.
938 2336 1011 2357 cum
1023 2327 1152 2357 Orione
1234 2327 1296 2365 837
1313 2339 1362 2367 γρ.
1380 2326 1490 2362 βαδίσ-

167 2383 263 2409 μασιν
277 2369 303 2399 Β
318 2369 347 2399 Ο
437 2371 502 2410 839
520 2371 629 2411 ἔχοιτο
646 2371 677 2401 Μ
693 2371 735 2401 Β;
768 2382 853 2402 corr.
870 2371 909 2402 Β2
998 2372 1060 2410 842
1079 2371 1243 2412 παράσχες
1256 2375 1333 2401 ante
1347 2380 1495 2400 rasuram

168 2413 211 2444 P:
238 2410 382 2454 mplo'x*
404 2413 435 2444 M
452 2424 458 2446 :
484 2413 633 2455 mipwye
652 2414 682 2444 A
704 2415 739 2454 gi.
757 2425 785 2446 e.
809 2414 947 2456 πάρισχε
966 2416 1062 2455 puto)
1079 2426 1083 2445 :
1111 2414 1258 2456 πάρασχε
1279 2413 1374 2444 M'A'
1391 2413 1416 2442 B
1433 2413 1457 2442 L
1471 2413 1496 2442 P
