1683 2732
670 63 1060 101 ΗΡΑΚΛΕΙΔΑΙ

201 172 272 209 Xo.
301 168 373 222 οὐχ
398 167 517 209 ὅντιν’
542 167 589 209 ἄν
614 186 658 220 γε
687 166 796 217 ζῶνθ’
823 167 971 207 ἕλωσιν
997 169 1039 207 ἐν
1066 167 1187 222 μάχῃ.

202 239 275 276 Αλ.

304 236 366 276 καὶ
391 238 511 275 ταῦτα
536 232 689 284 δόξανθ’
708 231 862 275 “Ύ“λλος
887 233 1145 286 ἐξηνέσχετο;

201 305 272 342 Xo.
299 305 400 354 χρῆν
426 301 458 341 δ’
484 300 614 346 αὐτόν,
643 299 763 350 οἶμαι,
791 298 874 356 τῇδ’
901 301 1124 350 ἀπιστῆσαι
1148 302 1283 353 χθονί;

202 371 278 408 Αλ.
304 370 406 422 χρῆν
431 367 545 407 τόνδε
569 366 621 418 μὴ
649 366 716 416 ζῆν
740 365 829 417 μηδ’
856 366 951 418 ὁρᾶν
975 361 1110 418 Τφάος
1136 366 1233 406 {rm

201 438 273 475 Xo.

203 505 276 541 Αλ.

202 571 275 608 Χο.

202 638 275 674 Αλ.

202 704 275 740 Xo.

203 770 276 807 Αλ.

204 1170 278 1208 Χο.

300 433 379 474 τότ’
405 432 566 485 ἠδικήθη
593 436 748 485 πρῶτον
774 432 818 472 οὐ
843 432 973 473 θανὼν
998 433 1073 473 ὅδε.

305 500 373 541 οὐκ
399 501 466 541 οὗν
492 499 544 541 ἔτ’
571 500 681 540 ἐστὶν
706 500 748 540 ἐν
775 502 881 554 καλῷ
907 501 1040 539 δοῦναι
1066 500 1195 550 δίκην;

303 567 371 608 οὐκ
396 567 484 608 ἔστι
508 570 646 608 τοῦτον
671 567 784 609 ὅστις
808 565 857 606 ἂν
882 565 1129 607 κατακτάνοι.

304 634 445 687 ἔγωγε·
484 634 608 674 καίτοι
634 634 735 686 φημὶ
761 632 848 685 κᾶμ’
874 632 979 674 εἶναι’
997 650 1097 674 τινα.

303 701 459 751 πολλὴν
484 699 543 752 ἄρ’
569 699 670 751 ἕξεις
694 699 862 753 μέμψιν,
890 701 924 741 εἷ
949 700 1110 753 δράσεις
1135 701 1237 741 τόδε.

305 771 411 820 φιλῶ
438 768 554 808 πόλιν
580 765 699 818 τήνδ’·
737 767 848 808 οὐδὲν
874 767 1138 809 ἀντιλεκτέον.

301 838 436 875 τοῦτον
462 833 508 880 δ’,
537 834 697 886 ἐπείπερ
722 838 858 887 χεῖρας
882 833 1004 884 ἦλθεν
1031 836 1085 877 εἷς
1111 833 1220 886 ἐμάς,

302 901 371 942 οὐκ
397 901 484 941 ἔστι
513 904 665 951 θνητῶν
691 902 802 943 ὅστις
828 900 1092 953 ἐξαιρήσεται.

303 967 400 1020 πρὸς
424 971 545 1008 ταῦτα
569 967 639 1017 τὴν
665 970 856 1019 θρασεῖαν
881 968 991 1010 ὅστις
1016 967 1064 1008 ἂν
1089 967 1185 1024 θέλῃ

304 1035 367 1075 καὶ
391 1034 462 1085 τὴν
490 1037 718 1087 φρονοῦσαν
742 1034 874 1084 μεῖζον
899 1030 922 1084 ἢ
947 1038 1111 1087 γυναῖκα
1135 1034 1210 1088 χρὴ

303 1100 423 1151 λέξει·
460 1100 505 1141 τὸ
530 1100 563 1140 δ’
590 1100 705 1153 ἔργον
729 1099 832 1140 τοῦτ’
860 1101 943 1151 ἐμοὶ
970 1099 1221 1153 πεπράξεται.

305 1168 434 1209 δεινόν
459 1185 496 1209 τι
521 1168 583 1208 καὶ
610 1167 884 1220 συγγνωστόν,
913 1166 942 1208 ὦ
967 1168 1094 1220 γύναι,
1124 1167 1163 1207 σ’
1189 1167 1274 1221 ἔχει

305 1239 430 1277 νεῖκος
456 1234 552 1286 πρὸς
577 1233 698 1286 ἄνδρα
723 1235 848 1280 τόνδε,
876 1235 1087 1286 γιγνώσκω
1116 1238 1256 1276 καλῶς.

207 1320 507 1349 ΕΥΡΥΣΘΕΥΣ

250 2137 313 2176 967
340 2141 451 2167 notam
470 2139 522 2178 ἀγ.
542 2137 647 2177 praefi
669 2138 742 2177 LP,
759 2148 810 2168 vv.
832 2139 984 2178 969-972
1002 2137 1144 2168 lineolas

211 2179 339 2211 Barnes
358 2192 365 2210 :
388 2182 460 2220 μηδ’
474 2181 520 2212 ἔτ’
535 2182 664 2222 εἰσορᾶν
678 2181 757 2222 φάος
773 2181 917 2212 Erfurdt.
935 2182 972 2212 cl.
989 2181 1064 2212 Alc.
1083 2181 1121 2210 18

305 1380 433 1432 γύναι,
460 1378 560 1431 σάφ’
587 1381 671 1419 ἴσθι
695 1379 747 1430 μή
772 1397 820 1430 με
846 1379 1102 1421 θωπεύσοντά
1129 1397 1188 1425 σε,

304 1445 393 1497 μηδ’
419 1445 520 1486 ἄλλο
545 1448 666 1496 μηδὲν
691 1448 759 1496 τῆς
785 1447 879 1496 ἐμῆς
904 1448 1039 1499 ψυχῆς
1065 1445 1154 1498 πέρι

304 1511 460 1563 λέξονθ’
486 1513 577 1553 ὅθεν
602 1512 677 1565 χρὴ
705 1513 856 1553 δειλίαν
881 1513 1024 1564 ὀφλεῖν
1048 1530 1148 1553 τινα.

307 1579 386 1632 ἐγὼ
410 1581 452 1620 δὲ
477 1583 604 1621 νεῖκος
629 1578 703 1632 οὐχ
730 1579 829 1619 ἑκὼν
852 1579 932 1619 τόδ’
957 1578 1122 1631 ἠράμην·

304 1645 374 1702 ᾔδη
399 1662 446 1697 γε
471 1645 535 1686 σοὶ
559 1647 632 1696 μὲν
658 1645 897 1698 αὐτανέψιος
922 1646 1061 1698 γεγώς,

306 1715 359 1766 τῷ
386 1715 444 1766 σῷ
470 1713 512 1752 δὲ
536 1712 644 1752 παιδὶ
672 1712 867 1764 συγγενὴς
891 1711 1117 1764 Ἡρακλέει.

308 1777 399 1818 ἀλλ’
424 1777 492 1818 εἴτ’
517 1777 682 1834 ἔχρῃζον
709 1779 786 1819 εἴτε
809 1778 1011 1831 μή-θεὸς
1038 1780 1113 1830 γὰρ
1138 1778 1239 1828 ἧν-

301 1843 412 1896 ’Ἡρα
436 1861 484 1895 με
511 1844 671 1896 κάμνειν
696 1844 800 1895 τήνδ’
828 1844 943 1895 ἔθηκε
967 1844 1037 1895 τὴν
1063 1846 1198 1886 νόσον.

308 1911 393 1952 ἐπεὶ
418 1910 450 1951 δ’
475 1912 607 1966 ἐκείνῳ
634 1910 869 1962 δυσμένειαν
893 1911 1047 1964 ἠράμην

310 1977 463 2030 κᾶγνων
489 1979 623 2030 ἀγῶνα
647 1977 750 2018 τόνδ’
777 1978 1078 2030 ἀγωνιούμενος,

308 2048 471 2085 πολλῶν
498 2044 700 2097 σοφιστὴς
725 2045 914 2096 πημάτων
940 2046 1153 2097 ἐγιγνόμην

1469 779 1532 812 975

1472 1108 1535 1147 980

1471 1860 1535 1892 990

1276 2139 1342 2176 969
1366 2137 1444 2175 φάος
1461 2138 1534 2169 τόδε

1252 2190 1316 2220 973
1342 2183 1392 2213 καὶ
1409 2182 1533 2221 τίφημὶ

209 2227 269 2257 κᾶν
291 2225 397 2264 μεῖναί
419 2239 492 2258 τινα
516 2226 599 2256 LP:
636 2236 722 2257 corr.
747 2226 919 2265 Tyrwhitt
1059 2226 1118 2263 981
1155 2224 1229 2265 Xo.]
1256 2226 1397 2256 sortasse
1423 2227 1532 2265 Ἡμιχ.

210 2268 276 2308 καὶ]
296 2269 444 2310 fortasse,
457 2271 512 2301 κού
605 2270 670 2308 983
695 2269 904 2301 θωπεύσαντα
923 2268 948 2298 L
963 2268 1009 2298 Ρῑ
1035 2278 1120 2299 COIT-
1138 2268 1178 2308 lp
1273 2270 1336 2307 985
1361 2268 1490 2309 λέγοντ’
1512 2268 1536 2297 Ι)

211 2315 276 2353 988
300 2314 455 2356 Ἡρακλέϊ
471 2315 556 2346 LP:
581 2325 666 2346 corr.
688 2315 839 2355 Elmsley

973 2327 1038 2355 990
1055 2316 1153 2357 “Hpa]
1171 2317 1242 2354 ἥτις
1260 2317 1448 2347 Hartmann
