1651 2780
630 96 976 134 ΕΎῬΙΠῘΔΟΎ

237 201 284 241 διν
309 199 406 251 μήτε
433 199 606 252 πέλαγος
631 198 743 240 ἅλιον
770 199 970 252 ἀπαγάγοι
996 199 1130 245 πάλιν,
1403 212 1467 245 950

504 265 599 317 μήτε
626 283 696 306 πα-

439 337 564 388 τρῷον
589 333 699 373 ἵκοιτ’
727 335 765 374 ἐς
792 333 912 373 οἶκον.

138 418 493 448 ΠΟΛΥΜΗΣΤΩΡ

237 477 267 518 ὦ
295 478 456 530 φίλτατ’
483 479 635 530 ἀνδρῶν
661 479 829 529 Πρίαμε,
857 477 1030 530 φιλτάτη
1058 480 1098 518 δὲ
1125 478 1187 524 σύ,

236 544 406 595 Ἑκάβη,
437 545 587 597 δακρύω
614 544 652 583 σ’
678 546 846 596 εἰσορῶν
871 545 988 585 πόλιν
1013 562 1055 585 τε
1082 545 1158 594 σὴν

238 611 309 662 τήν
334 611 367 651 τ’
394 613 535 664 ἀρτίως
561 614 760 652 θανοῦσαν
785 611 948 664 ἔκγονον
975 612 1104 652 σέθεν.
1405 624 1468 656 955

239 682 327 731 φεῦ·

240 745 307 785 οὐκ
334 745 421 785 ἔστι
448 745 592 785 πιστὸν
618 744 744 791 οὐδέν,
772 744 852 784 οὔτ’
879 743 1034 795 εὐδοξία

241 812 319 852 οὔτ’
346 812 392 851 αἳ)
419 816 547 853 καλῶς
573 811 806 864 πράσσοντα
830 811 882 863 μὴ
909 810 1072 863 πράξειν
1099 814 1236 851 κακῶς.

241 880 412 931 φύρουσι
437 878 469 918 δ’
495 878 603 919 αὐτοὶ
630 880 712 919 θεοὶ
738 878 860 919 πάλιν
884 895 925 918 τε
953 880 1014 918 καὶ
1042 879 1178 927 πρόσω

238 945 439 998 ταραγμὸν
465 944 695 991 ἐντιθέντες,
724 945 774 987 ὡς
800 946 980 999 ἀγνωσία

241 1012 428 1064 σέβωμεν
453 1012 605 1054 αὐτούς.
677 1013 783 1052 ἀλλὰ
808 1015 928 1051 ταῦτα
952 1014 1024 1063 μὲν
1049 1013 1091 1052 τί
1111 1014 1172 1053 δεῖ
1406 1016 1471 1056 960

242 1082 411 1132 θρηνεῖν,
439 1078 700 1132 προκόπτοντ’
727 1078 840 1119 οὐδὲν
867 1080 906 1120 ἐς
932 1079 1108 1131 πρόσθεν
1135 1082 1283 1126 κακῶν;

243 1147 292 1187 σὺ
319 1146 365 1193 δ’,
391 1147 430 1187 εἴ
451 1163 488 1186 τι
512 1145 651 1202 μέμφῃ
676 1148 745 1197 τῆς
771 1147 865 1196 ἐμῆς
892 1145 1099 1191 ἀπουσίας,

243 1212 353 1266 σχές·
380 1212 562 1265 τυγγάνω
588 1213 663 1264 γὰρ
691 1213 733 1252 ἐν
757 1211 896 1263 μέσοις
923 1213 1083 1268 Θρῄκης
1109 1212 1214 1264 ὅροις

243 1280 366 1326 ἀπών,
394 1278 449 1319 ὅτ’
475 1278 594 1329 ἦλθες
621 1278 733 1330 δεῦρ’·
772 1278 858 1319 ἐπεὶ
882 1278 915 1318 δ’
943 1279 1155 1331 ἀφικόμην,

241 1346 313 1397 ἤδη
341 1345 427 1387 πόδ’
453 1345 527 1397 ἔξω
555 1344 743 1396 δωμάτων
769 1346 923 1397 αἵροντί
941 1362 1010 1396 μοι
1407 1347 1471 1391 965

243 1415 283 1455 ἐς
308 1412 449 1453 ταύτὸν
474 1413 542 1463 ἥδε
569 1413 778 1463 συμπίτνει
802 1413 921 1463 δμωὶς
947 1411 1065 1452 σέθεν

243 1480 420 1532 λέγουσα
444 1479 600 1530 μύθους,
627 1480 681 1520 ὧν
708 1479 837 1520 κλύων
863 1479 1076 1532 ἀφικόμην.

145 1551 215 1588 Εκ.
242 1547 483 1600 αἰσχύνομαί
507 1564 554 1586 σε
581 1546 859 1597 προσβλέπειν
886 1547 1077 1591 ἐναντίον,

245 1615 528 1665 Πολυμῆστορ,
558 1614 598 1653 ἐν
623 1615 795 1653 τοιοῖσδε
822 1612 977 1663 κειμένη
1006 1615 1150 1653 κακοῖς.

247 1681 322 1734 ὅτῳ
350 1681 423 1732 γὰρ
450 1680 589 1732 ὤφθην
617 1678 836 1732 εὐτυχοΰσ’,
864 1679 980 1720 αἰδώς
1005 1678 1045 1729 μ’
1070 1679 1154 1730 ἔχει
1408 1690 1473 1722 970

247 1748 290 1787 ἐν
314 1748 413 1800 τῷδε
439 1746 575 1800 πότμῳ
600 1744 841 1798 τυγχάνουσ’
868 1744 916 1784 ἵν’
943 1744 1020 1795 εἶμὶ
1046 1748 1113 1785 νῦν

247 1812 338 1854 κούκ
364 1812 411 1853 ἂν
438 1813 626 1863 δυναίμην
652 1810 929 1863 προσβλέπειν
956 1812 1089 1863 ὀρθαῖς
1116 1811 1259 1863 κόραις.

248 1878 339 1920 ἀλλ’
366 1878 459 1919 αὐτὸ
484 1878 535 1929 μὴ
563 1878 750 1918 δύσνοιαν
774 1877 907 1933 ἡγήσῃ
935 1876 1066 1923 σέθεν,

248 1948 530 1997 Πολυμῆστορ·
570 1944 702 1986 ἄλλως
728 1943 759 1984 δ’
786 1945 910 1984 αἴτιόν
935 1961 972 1984 τι
999 1945 1061 1985 καὶ
1085 1945 1217 1994 νόμος,

248 2016 434 2065 γυναῖκας
458 2012 612 2063 ἀνδρῶν
636 2011 686 2062 μὴ
714 2010 885 2062 βλέπειν
909 2012 1102 2051 ἐναντίον.
1410 2021 1474 2055 975

192 2113 257 2144 950
280 2104 320 2142 ἢν
339 2103 417 2134 LB²
564 2113 627 2142 952
653 2104 696 2135 εἷς
716 2103 779 2133 LP
934 2103 999 2141 956
1022 2104 1140 2134 πιστὸν
1156 2101 1247 2134 οὐδέν
1265 2101 1296 2131 Μ
1312 2101 1338 2131 L
1354 2112 1361 2131 τ
1385 2100 1476 2133 οὐδὲν

149 2148 267 2180 πιστόν
284 2148 396 2187 ABP,
418 2157 492 2178 cum
511 2147 605 2178 Stob.
624 2156 694 2185 105.
711 2156 752 2185 35
770 2151 804 2177 et
822 2146 937 2177 Orion.
958 2145 1063 2176 Anth.
1081 2146 1147 2177 viii.
1168 2155 1209 2175 22
1312 2153 1375 2184 957
1401 2144 1476 2186 πρά-

150 2195 249 2232 ξαντα
267 2191 360 2222 Stob.
525 2192 589 2230 958
615 2198 772 2231 φψρουσιν
791 2189 841 2219 Μ;
867 2200 951 2219 corr.
972 2188 1017 2218 Μ2
1037 2189 1202 2230 [φέρουσιν
1220 2190 1269 2223 m)
1387 2189 1475 2219 αὐτοὶ

150 2235 271 2274 scripsi
301 2236 352 2271 χαύ
376 2247 426 2266 τοι
452 2233 511 2264 13²:
535 2247 586 2275 γρ.
613 2234 701 2265 αὐτοὶ
731 2233 802 2273 B³):
828 2232 893 2264 αὖθ’
919 2234 948 2263 οἱ
975 2233 1071 2263 codd.
1090 2237 1123 2262 et
1149 2236 1172 2265 Σ
1196 2232 1245 2271 (ut
1266 2231 1371 2267 vid.):
1397 2232 1477 2262 αὐτὰ

152 2277 330 2308 Hermann
462 2278 527 2316 963
550 2276 651 2316 μέσης
669 2276 713 2306 M¹
733 2275 856 2316 (μέσοις
874 2275 906 2305 Μ
925 2280 958 2306 et
977 2275 1035 2316 M'2)
1169 2276 1233 2314 966
1258 2274 1431 2313 συμπίπτει
1450 2273 1476 2303 L

151 2323 214 2360 967
241 2320 429 2361 ἐφεσπόμην
459 2321 558 2351 Prinz
732 2329 796 2358 972
829 2331 1027 2359 προσμωη
1057 2317 1094 2358 B,
1123 2317 1261 2355 βλέπειν
1285 2318 1387 2348 inser.
1417 2316 1476 2347 B²:

152 2367 364 2406 προσδρακεῖν
379 2363 472 2395 Weil
561 2362 783 2405 προσβλέπειν
800 2361 829 2394 σ’
849 2362 1029 2401 Byzantini
