1683 2732
732 60 984 96 ΜΗΔΕΙΑ

363 164 412 202 σὲ
436 163 511 214 γὰρ
534 161 579 201 οὐ
601 162 730 206 πόλις,
756 161 801 200 οὐ
826 161 959 213 φίλων
984 178 1040 203 τις

362 227 531 282 ᾤκτισεν
555 230 760 268 παθοῦσαν

361 294 585 335 δεινότατον
609 293 779 335 παθέων.

360 360 576 414 ἀχάριστος
601 360 739 407 ὄλοιθ’,
767 361 843 416 ὅτῳ
868 360 1062 413 πάρεστιν

357 426 410 478 μὴ
435 429 578 480 φίλους
603 430 718 479 τιμᾶν
745 431 917 480 καθαρᾶν
943 428 1048 469 ἀνοί-

356 491 479 544 ξαντα
504 497 627 551 κλῇδα
651 498 821 547 φρενῶν·
862 496 947 546 ἐμοὶ

424 563 496 612 μὲν
522 561 642 614 φίλος
667 561 802 602 οὔποτ’
828 561 953 602 ἔσται.

190 644 368 675 ΑΙΓΕΥΣ

178 1910 241 1948 Αι.

179 1977 261 2026 Μη.

219 2070 282 2107 655
308 2069 346 2101 σὲ
361 2071 424 2111 ’γὰρ
442 2072 476 2102 οὐ
493 2070 596 2110 φίλων
612 2083 661 2102 τις
678 2071 712 2101 οὐ
729 2069 823 2102 πόλις
841 2069 867 2099 L
880 2069 906 2099 P

177 2112 326 2154 ᾤκτειρεν
345 2112 370 2142 L
384 2113 409 2143 P
423 2124 429 2143 :
455 2114 585 2156 ᾤκτειρε
601 2113 633 2143 Α
643 2114 674 2143 V
686 2113 713 2143 B

289 704 456 755 Μήδεια,
483 709 611 759 χαῖρε·
648 709 761 747 τοῦδε
786 707 861 759 γὰρ
886 707 1095 758 προοίμιον

287 771 454 813 κάλλιον
479 773 605 815 οὐδεὶς
631 773 712 814 οἶδε
737 777 995 826 προσφωνεῖν
1022 775 1178 826 φίλους.

260 869 268 879 .
287 836 316 878 ὦ
341 844 455 893 χαῖρε
481 840 542 881 καὶ
569 840 631 887 σύ,
659 843 733 881 παῖ
756 844 888 893 σοφοῦ
914 841 1148 887 Πανδίονος,

286 907 419 958 Αἶγεῦ.
490 908 613 948 πόθεν
638 909 711 960 γῆς
735 907 848 958 τῆσδ’
874 909 1111 962 ἐπιστρωφᾷ
1136 907 1274 953 πέδον;

240 1003 247 1013 .
287 974 442 1024 Φοίβου
468 973 638 1015 παλαιὸν
665 975 839 1015 ἐκλιπὼν
865 973 1118 1028 χρηστήριον.

259 1070 267 1079 .
286 1040 326 1079 τί
347 1039 380 1080 δ’
406 1041 592 1093 ὀμφαλὸν
617 1043 689 1094 γῆς
714 1041 938 1095 θεσπιῳδὸν
966 1041 1157 1092 ἐστάλης;

239 1137 247 1146 .
285 1108 435 1147 παίδων
461 1109 630 1157 ἐρευνῶν
655 1107 798 1161 σπέρμ’
823 1109 929 1149 ὅπως
954 1107 1111 1161 γένοιτό
1134 1125 1227 1161 μοι.-

259 1204 266 1212 .
288 1172 383 1225 πρὸς
406 1171 683 1214 θεῶν-ἄπαις
708 1174 784 1225 γὰρ
808 1172 908 1225 δεῦρ’
934 1173 996 1214 ἀεὶ
1021 1174 1160 1217 τείνεις
1185 1174 1297 1225 βίον;

238 1270 245 1279 .
284 1239 445 1282 ἄπαιδές
472 1242 596 1291 ἐσμεν
622 1241 806 1291 δαίμονός
832 1257 938 1282 τινος
961 1240 1076 1297 τύχῃ.

257 1337 265 1346 .
284 1305 478 1359 δάμαρτος
505 1307 639 1357 οὔσης,
667 1304 690 1357 ἢ
714 1306 859 1361 λέχους
885 1306 1045 1359 ἄπειρος
1071 1308 1143 1354 ὤν;

237 1403 245 1413 .
283 1374 352 1414 οὐκ
377 1375 499 1425 ἐσμὲν
527 1373 639 1424 εὐνῆς
663 1373 800 1426 ἄζυγες
826 1375 1033 1426 γαμηλίου.

257 1471 265 1481 .
281 1441 322 1480 τί
344 1443 440 1491 δῆτα
466 1444 621 1492 Φοῖβος
646 1440 732 1481 εἶπέ
758 1457 823 1481 σοι
848 1441 998 1482 παίδων
1024 1440 1131 1493 πέρι,·

235 1538 243 1546 .
283 1507 481 1560 σοφώτερ’
508 1505 531 1558 ἢ
559 1507 642 1548 κατ’
666 1507 787 1560 ἄνδρα
813 1511 1040 1559 συμβαλεῖν
1065 1508 1152 1558 ἔπη.

257 1573 392 1625 ,θέμις
415 1577 487 1626 μὲν
514 1575 614 1625 ἡμᾶς
638 1574 822 1629 χρησμὸν
847 1574 991 1616 εἰδέναι
1017 1577 1126 1622 θεοῦ;

235 1671 242 1681 .
279 1640 456 1692 μάλιστ’,
485 1643 577 1683 ἐπεί
596 1659 656 1682 τοι
682 1643 745 1683 καὶ
770 1644 902 1694 σοφῆς
927 1645 1050 1683 δεῖται
1076 1642 1234 1694 φρενός.

253 1740 261 1748 .
279 1709 321 1748 τί
342 1708 424 1759 δῆτ’
451 1709 620 1763 ἔχρησα
657 1707 790 1759 λέξον,
819 1710 852 1749 εἰ
878 1708 986 1761 θέμις
1012 1709 1158 1749 κλύειν.

235 1805 243 1815 .
280 1775 406 1815 ἀσκοῦ
429 1793 479 1827 με
501 1776 572 1816 τὸν
597 1776 823 1829 προύχοντα
847 1776 898 1827 μὴ
924 1779 1044 1816 λῦσαι
1071 1776 1232 1816 πόδα-

254 1873 262 1882 .
281 1843 372 1894 πρὶν
398 1842 446 1883 ἂν
471 1844 512 1883 τί
533 1841 683 1899 δράσῃς
709 1840 732 1893 ἢ
759 1843 831 1883 τίν’
858 1841 965 1899 ἐξίκῃ
992 1843 1137 1896 χθόνα,·

282 1909 373 1961 πρὶν
400 1910 447 1951 ἂν
474 1908 657 1965 πατρῴαν
684 1909 793 1951 αὖθις
818 1911 957 1950 ἑστίαν
982 1910 1106 1961 μόλω.

280 1976 329 2016 σὺ
355 1976 386 2016 δ’
414 1977 465 2018 ὡς
490 1978 531 2018 τί
551 1978 706 2034 χρῄζων
732 1975 848 2027 τήνδε
874 1980 1109 2018 ναυστολεῖς
1133 1976 1278 2030 χθόνα;

176 2156 200 2195 l)
218 2166 225 2185 z
250 2156 421 2188 δεινότατα
437 2157 534 2190 codd.
627 2157 692 2196 659
715 2156 872 2198 παρέσται
889 2157 919 2186 Ι’
945 2156 1090 2198 παρέστη
1109 2155 1261 2186 Badham

176 2201 272 2240 Θαρᾶν
289 2198 438 2230 Badham
454 2211 460 2229 :
485 2202 622 2241 καθαρὰν
640 2201 736 2231 codd.
844 2200 1001 2240 ἀνοίξαντι
1021 2200 1046 2229 L
1060 2199 1085 2228 P
1098 2198 1138 2229 Β2
1271 2199 1336 2229 668
1362 2197 1502 2235 ἐστάλης

175 2241 287 2272 AVB
310 2247 344 2273 et
367 2242 452 2276 213:
477 2243 594 2276 ἱκάνεις
621 2243 698 2281 LP,
723 2244 813 2275 unde
838 2243 952 2283 ἵζοίνεις
976 2242 1127 2280 Verrall3
1154 2242 1213 2273 sed
1238 2242 1277 2273 cs.
1305 2242 1412 2273 Andr.
1439 2251 1498 2280 251

175 2287 239 2324 670
271 2290 434 2325 punctum
462 2292 538 2326 post
568 2290 645 2320 θεῶν
671 2298 734 2318 om.
759 2288 793 2319 L.

176 2339 277 2360 mann

1456 434 1519 466 660

1450 845 1513 886 665

1448 1179 1512 1219 670

1443 1845 1504 1876 680

1056 2071 1118 2106 657
1144 2068 1283 2109 ᾤκτισεν
1301 2065 1332 2097 Μ
1339 2077 1480 2106 usgrave
1495 2078 1503 2098 ε

805 2114 869 2152 658
893 2113 1080 2145 δεινότατον
1097 2112 1248 2150 Elmsley
1268 2117 1314 2151 get
1331 2121 1498 2184 su6136rascr.

1405 2165 1426 2185 0
1450 2167 1502 2187 κα·

916 2287 981 2325 676
1015 2285 1099 2325 θέμις
1128 2285 1202 2326 μὲν]
1232 2285 1385 2326 θεμιστόν
1415 2284 1501 2315 Her-
