1651 2780
110 1656 180 1694 Κυ.

152 2160 214 2189 295
247 2152 288 2183 τὰ
315 2153 342 2183 δ’
371 2152 551 2184 Kirchhoff

610 144 956 184 ΕΥΡΙΠΙΔΟΥ

215 249 439 299 Γεραίστιοί
462 265 503 289 τε
531 251 769 302 καταφυγαί·
808 253 853 291 τὰ
880 250 914 291 θ’
940 250 1136 293 Ἑλλάδος

212 314 434 367 Ὑδύσφρον’
461 316 588 366 ὀνείδη
617 316 766 369 Φρυξὶν
793 317 860 358 οὐκ
887 319 1127 369 ἐδώκαμεν·Ί·

211 381 264 421 ὧν
291 382 352 421 καὶ
379 382 428 422 σὺ
455 386 588 423 κοινοῖ·
628 385 699 435 γῆς
725 385 801 436 γὰρ
825 383 1022 427 Ἑλλάδος
1046 386 1196 439 μυχοὺς

212 449 330 489 οἰκεῖς
354 448 417 489 ὑπ’
446 451 581 505 Αἴτνῃ,
610 451 656 506 τῇ
683 451 930 506 πυριστάκτῳ
958 451 1093 507 πέτρᾳ.

210 515 328 566 νόμος
354 517 394 556 δὲ
421 519 590 566 θνητοῖς,
620 519 652 558 εἰ
677 519 821 570 λόγους
846 518 1096 576 ἀποστρέφῃ,

212 581 340 624 ἱκέτας
365 581 558 637 δέχεσθαι
584 586 764 626 ποντίους
791 585 1061 638 ἐφθαρμένους

211 648 319 699 ξένιά
344 666 386 690 τε
410 652 542 691 δοῦναι
569 651 630 691 καὶ
657 651 825 694 πέπλοις
851 652 1078 705 ἐπαρκέσαι,

210 715 278 756 οὐκ
303 717 405 768 ἀμφὶ
429 719 668 770 βουπόροισι
694 718 916 772 πηχθέντας
940 719 1040 771 μέλη

209 784 395 834 ὀβελοῖσι
421 785 540 835 νηδὺν
567 786 630 826 καὶ
654 786 804 838 γνάθου
829 789 982 837 πλῆσαι
1007 787 1138 828 σέθεν.

209 849 298 892 ἅλις
324 853 364 891 δὲ
391 851 573 903 Πριάμου
597 853 681 906 γαῖ’
710 853 883 907 ἐχήρωσ’
908 853 1099 900 Ἑλλάδα,

210 921 373 958 πολλῶν
399 922 545 972 νεκρῶν
571 923 718 960 πιοῦσα
744 923 928 973 δοριπετῆ
956 922 1094 974 φόνον,

210 985 381 1038 ἀλόχους
405 985 439 1025 τ’
465 985 679 1039 ἀνάνδρους
704 991 825 1040 γραῦς
849 987 882 1027 τ’
910 988 1076 1029 ἄπαιδας
1103 988 1256 1028 ὤλεσεν

210 1052 374 1093 πολιούς
398 1070 441 1093 τε
466 1053 650 1106 πατέρας.
724 1056 756 1095 εἷ
782 1057 824 1095 δὲ
848 1054 937 1096 τοὺς
962 1054 1246 1105 λελειμμένους

210 1118 259 1158 σὺ
286 1120 551 1172 συμπυρώσας
578 1121 675 1161 δαῖτ’
703 1122 926 1162 ἀναλώσεις
952 1120 1106 1173 πικράν,

209 1189 279 1226 ποῖ
299 1185 492 1238 τρέψεταί
513 1203 589 1233 τις,·
629 1187 721 1227 ἀλλ’
749 1188 834 1238 ἐμοὶ
860 1190 985 1234 πιθοῦ,
1016 1188 1208 1240 Κύκλωψ·

209 1251 329 1305 πάρες
353 1252 398 1293 τὸ
421 1252 573 1306 μάργον
600 1257 675 1305 σῆς
700 1254 860 1307 γνάθου,
888 1254 932 1294 τὸ
958 1253 991 1294 δ’
1017 1255 1184 1305 εὐσεβὲς

208 1321 276 1370 τῆς
303 1322 542 1371 δυσσεβείας
569 1321 750 1362 ἀνθελοῦ·
790 1325 979 1362 πολλοῖσι
1004 1323 1079 1374 γὰρ

210 1386 322 1438 κέρδη
350 1389 512 1439 πονηρὰ
529 1388 667 1438 ζημίαν
693 1388 904 1440 ἠμείψατο.

159 1483 166 1492 .
208 1453 444 1505 παραινέσαι
470 1471 534 1495 σοι
560 1455 773 1506 βούλομαι·
810 1459 888 1496 τῶν
913 1457 988 1508 γὰρ
1014 1459 1137 1508 κρεῶν

207 1523 328 1571 μηδὲν
351 1522 471 1577 λίπῃς
496 1521 612 1567 τοῦδ’,
642 1522 689 1572 ἤν
714 1540 756 1562 τε
782 1522 852 1572 τὴν
878 1526 1073 1575 γλῶσσαν
1100 1521 1231 1579 δάκῃς,

210 1587 365 1640 κομψὸς
389 1587 540 1645 γενήσῃ
568 1589 630 1629 καὶ
656 1590 913 1635 λαλίστατος,
942 1589 1134 1641 Κύκλωψ.

208 1655 227 1693 ὁ
255 1658 435 1701 πλοῦτος,
463 1656 728 1708 ἀνθρωπίσκε,
757 1660 838 1698 τοῖς
865 1659 1009 1709 σοφοῖς
1035 1657 1137 1702 θεός,

208 1723 255 1762 τὰ
281 1721 314 1761 δ’
339 1721 444 1762 ἄλλα
471 1723 613 1774 κόμποι
641 1724 702 1764 καὶ
727 1724 860 1775 λόγων
887 1723 1107 1775 εὐμορφίαι.

209 1788 328 1841 ἄκρας
355 1788 387 1828 δ’
415 1790 572 1832 ἐναλίας
600 1791 644 1832 δις
673 1791 894 1842 καθίδρυται
919 1789 1046 1842 πατὴρ

208 1857 361 1909 χαίρειν
387 1856 546 1897 κελεύω·
585 1858 626 1897 τί
647 1856 739 1897 τάδε
765 1856 1005 1910 προύστήσω
1030 1857 1158 1911 λόγῳ;

210 1923 336 1974 Ζηνὸς
363 1923 394 1964 δ’
421 1924 497 1976 ἐγὼ
524 1924 708 1976 κεραυνὸν
736 1924 778 1965 οὗ
806 1926 983 1977 φρίσσω,
1011 1923 1111 1974 ξένε,

209 1989 287 2030 οὐδ’
314 1990 385 2030 οἶδ’
411 1991 433 2030 ὅ
457 2008 494 2030 τι
519 1992 618 2033 Ζεύς
645 1991 728 2032 ἐστ’
755 1993 850 2042 ἐμοῦ
875 1992 1072 2043 κρείσσων
1098 1990 1199 2032 θεός.

209 2057 254 2097 οὔ
277 2074 344 2108 μοι
368 2057 481 2108 μέλει
505 2058 549 2097 τὸ
574 2060 729 2100 λοιπόν·
769 2059 820 2100 ὡς
845 2058 878 2098 δ’
906 2059 950 2097 οὔ
974 2074 1040 2108 μοι
1064 2056 1189 2108 μέλει,

1382 267 1444 298 295

1382 600 1443 631 300

1378 934 1441 966 305

1382 1268 1442 1298 3¹0

1378 1601 1438 1634 315

1378 1935 1440 1968 3²0

652 2153 735 2184 Post
763 2162 827 2191 295
855 2152 1008 2183 lacunam
1037 2150 1160 2180 indicat
1189 2148 1368 2188 Hartung;
1404 2152 1438 2179 et

108 2192 240 2224 videtur
263 2204 344 2226 sane
369 2196 494 2236 aliquid
521 2198 562 2228 de
586 2197 723 2227 fulmine
751 2197 839 2227 Iovis
865 2195 989 2226 dictum
1015 2194 1142 2224 fuisse:
1167 2193 1205 2241 cs.
1228 2203 1257 2223 v.
1277 2202 1341 2231 320
1362 2202 1436 2231 seq.

107 2238 172 2276 296
207 2237 375 2281 δύσφρον’]
410 2240 572 2282 δύσφρονά
603 2242 634 2282 γ’
660 2241 693 2271 l:
727 2239 870 2280 δύσφορά
900 2239 933 2280 γ’
966 2247 1082 2277 apogr.
1119 2236 1247 2267 Parra:
1288 2236 1437 2266 nondum

107 2282 307 2313 emendatus
485 2295 547 2324 297
581 2287 684 2316 κοινοῖ
706 2283 857 2314 Seidler:
892 2284 997 2313 κοινοῦ
1023 2281 1049 2310 L
1227 2280 1290 2318 298
1320 2281 1438 2317 Αἴτνης

109 2323 287 2356 Hermann
448 2337 512 2367 299
536 2328 630 2367 νόμος
648 2327 828 2366 Musgrave
845 2337 850 2356 :
876 2326 982 2365 νόμοις
1001 2324 1027 2354 L
1118 2324 1147 2356 εἴ
1164 2323 1294 2354 Reiske
1310 2333 1316 2352 :
1349 2324 1393 2355 εἷς
1412 2321 1438 2352 L

106 2377 170 2407 305
194 2372 344 2411 δοριπετῆ
362 2370 479 2401 Nauck
495 2382 502 2401 t
528 2374 685 2412 δορυπετῆ
702 2371 727 2400 L
818 2379 881 2408 314
907 2370 946 2407 ἢν
960 2368 995 2400 δὲ
1011 2368 1157 2406 Lenting
1245 2376 1310 2405 315
1334 2373 1437 2403 λαλη-

110 2413 196 2445 τικὸς
217 2412 335 2445 Nauck
484 2424 545 2452 321
575 2415 591 2446 ὅ
607 2413 656 2453 τι]
676 2415 738 2454 ὅτῳ
754 2413 933 2443 Χνεςκῐεὶη
