1683 2732
690 42 938 80 ΜΗΔΕΙΑ

259 147 300 187 ἐν
324 149 422 201 τῷδε
445 145 560 197 δείξω
584 149 718 198 πρῶτα
741 146 814 195 μὲν
840 143 967 194 σοφὸς
993 143 1132 194 γεγώς,

257 213 393 254 ἔπειτα
417 213 604 265 σώφρων,
632 211 716 252 εἶτα
741 211 806 251 σοὶ
831 209 955 261 μέγας
980 210 1099 260 φίλος

259 279 321 320 καὶ
346 280 461 321 παισὶ
484 283 566 322 τοῖς
590 277 897 330 ἐμοῖσιν-ἀλλ’
923 276 983 330 ἔχ’
1008 275 1173 328 ἥσυχος.
1419 286 1481 316 550

258 346 344 386 ἐπεὶ
367 344 564 397 μετέστην
587 343 687 396 δεῦρ’
713 342 893 384 Ἰωλκίας
917 341 1060 394 χθονὸς

258 414 413 453 πολλὰς
438 411 619 464 ἐφέλκων
645 410 854 462 συμφορὰς
878 407 1117 461 ἀμηχάνους,

257 479 298 518 τί
318 477 421 518 τοῦδ’
448 477 495 517 ἂν
521 476 653 529 εὕρημ’
678 476 797 529 ηὗρον
822 474 1104 527 εὐτυχέστερον

257 541 280 594 ἦ
307 547 426 585 παῖδα
451 545 573 596 γῆμαι
597 541 804 595 βασιλέως
829 543 959 594 φυγὰς
983 541 1128 593 γεγώς;

261 611 347 664 οὐχ,
371 609 395 667 ᾗ
418 611 468 651 σὺ
495 610 616 666 κνίζῃ,
645 609 719 650 σὸν
745 611 818 660 μὲν
843 609 1039 661 ἐχθαίρων
1063 606 1197 659 λέχος,
1419 616 1482 648 555

260 679 393 727 καινῆς
418 679 459 717 δὲ
485 677 640 729 νύμφης
667 675 785 730 ἱμέρῳ
811 673 1102 726 πεπληγμένος,

258 743 336 784 οὐδ’
362 745 416 786 εἷς
441 742 615 795 ἅμιλλαν
639 743 882 784 πολύτεκνον
907 739 1084 791 σπουδὴν
1110 740 1228 792 ἔχων·

260 810 350 852 ἅλις
373 812 448 863 γὰρ
473 812 510 851 οἱ
533 813 704 863 γεγῶτες
729 810 819 850 οὐδὲ
842 807 1060 861 μέμφομαι·

260 876 351 918 ἀλλ’
378 877 440 923 ὡς,
469 876 514 917 τὸ
537 879 610 928 μὲν
633 876 839 930 μέγιστον,
865 878 1041 928 οἰκοῖμεν
1065 877 1196 918 καλῶς

262 944 324 984 καὶ
347 942 400 994 μὴ
425 943 754 993 σπανιζοίμεσθα,
782 942 1016 994 γιγνώσκων
1041 939 1102 980 ὅτι
1421 941 1485 981 5⁶0

261 1009 411 1060 πένητα
435 1011 577 1063 φεύγει
601 1012 676 1051 πᾶς
701 1026 758 1050 τις
783 1008 959 1049 ἐκποδὼν
984 1009 1116 1059 φίλος,

262 1080 402 1118 παῖδας
427 1079 468 1117 δὲ
493 1075 679 1128 θρέψαιμ’
708 1073 824 1125 ἀξίως
849 1075 979 1125 δόμων
1005 1075 1108 1125 ἐμῶν

264 1144 428 1195 σπείρας
452 1143 485 1183 τ’
511 1142 709 1195 ἀδελφοὺς
735 1145 863 1183 τοῖσιν
888 1143 931 1182 ἐκ
957 1140 1074 1181 σέθεν
1099 1138 1248 1181 τέκνοις

263 1212 302 1252 ἐς
326 1209 444 1250 ταύτὸ
471 1210 589 1260 θείην,
619 1210 680 1249 καὶ
706 1207 951 1261 ξυναρτήσας
977 1207 1090 1259 γένος

264 1277 569 1328 εὐδαιμονοῖμεν.
643 1278 712 1317 σοί
734 1293 774 1316 τε
800 1277 875 1327 γὰρ
900 1275 1048 1315 παίδων
1073 1274 1112 1313 τί
1135 1277 1211 1319 δεῖ;
1426 1274 1486 1314 565

264 1345 354 1394 ἐμοί
373 1361 414 1384 τε
438 1344 525 1384 λύει
550 1347 656 1384 τοῖσι
682 1342 903 1393 μέλλουσιν
928 1341 1078 1382 τέκνοις

262 1412 310 1450 τὰ
337 1409 445 1460 ζῶντ’
472 1411 626 1460 ὀνῆσαι.
698 1413 782 1460 μῶν
807 1408 1080 1460 βεβούλευμαι
1107 1410 1249 1453 κακῶςῐ

265 1476 344 1518 οὐδ’
371 1477 418 1518 ἂν
445 1477 495 1517 σὺ
520 1478 653 1530 φαίης,
677 1478 712 1517 εἴ
736 1493 784 1516 σε
807 1475 859 1526 μὴ
888 1475 1009 1525 κνίζοι
1033 1473 1166 1528 λέχος.

266 1543 359 1585 ἀλλ’
385 1545 424 1586 ἐς
449 1547 639 1584 τοσοῦτον
666 1542 771 1593 ἤκεθ’
799 1541 893 1582 ὥστ’
918 1539 1157 1594 ὀρθουμένης

265 1610 378 1662 εὐνῆς
402 1614 581 1663 γυναῖκες
606 1609 720 1651 πάντ’
747 1609 855 1662 ἔχειν
880 1608 1070 1660 νομίζετε,
1427 1614 1490 1647 570

264 1675 313 1728 ἢν
337 1677 370 1718 δ’
395 1678 442 1718 αὖ
467 1677 627 1730 γένηται
652 1675 834 1729 ξυμφορά
858 1692 917 1718 τις
941 1677 981 1717 ἐς
1005 1674 1138 1727 λέχος,

264 1747 313 1785 τᾶ
336 1748 474 1799 λῷστα
500 1745 561 1785 καὶ
587 1743 787 1784 κάλλιστα
811 1742 1087 1794 πολεμιώτατα

266 1813 437 1853 τίθεσθε.
507 1813 608 1864 χρῆν
635 1812 709 1863 γὰρ
735 1809 907 1850 ἄλλοθέν
932 1811 1051 1850 ποθεν
1076 1806 1244 1860 βροτοὺς

266 1882 405 1920 παῖδας
429 1880 674 1923 τεκνοῦσθαι,
703 1879 801 1928 θῆλυ
826 1876 859 1916 δ’
890 1876 958 1916 οὐκ
984 1875 1083 1917 εἶναι
1109 1874 1235 1927 γένος·

210 1982 273 2011 549
298 1971 403 2013 φίλοις
422 1971 469 2003 V:
500 1981 585 2002 corr.
606 1981 626 2001 v
757 1979 821 2008 550
845 1968 975 2010 ἡσύχως
993 1967 1062 1998 AV
1195 1973 1254 2004 551
1282 1962 1425 2004 μετέστη
1441 1961 1494 1991 V:

168 2025 252 2045 corr.
283 2025 303 2045 v
463 2023 526 2053 552
560 2013 709 2055 ἀφέλκων
736 2012 767 2042 Α
933 2021 996 2051 553
1031 2009 1120 2042 τοῦτ’
1147 2008 1253 2051 εὕρημ’
1277 2008 1329 2037 V:
1362 2015 1446 2036 corr.
1473 2015 1494 2035 v

169 2058 390 2099 ἀτυχέστερον
405 2058 454 2088 V:
481 2067 566 2088 corr.
587 2068 607 2087 v
717 2066 779 2095 554
802 2056 909 2097 ’γεγὼς
927 2054 1029 2096 φυγάς
1046 2054 1075 2083 V
1186 2060 1248 2091 555
1274 2049 1448 2091 ἐχθραίνων
1466 2047 1493 2077 Β

168 2103 233 2140 560
264 2101 503 2141 σπανιζόμεσθα
526 2101 565 2136 V,
590 2101 650 2131 sed
679 2101 721 2130 de
746 2099 950 2139 imperfectis
979 2098 1078 2127 indic.
1106 2094 1328 2126 restituendis
1352 2102 1419 2122 non
1444 2096 1495 2121 est

168 2145 383 2183 cogitandum
560 2145 622 2182 562
652 2143 687 2175 δὲ
707 2143 838 2173 AVB:
868 2156 904 2174 τε
930 2141 995 2171 LP
1172 2140 1235 2178 565
1260 2138 1497 2177 εὐδαιμονοῖμεν

170 2188 342 2227 Elmsley:
374 2187 593 2228 εὐδαιμονοίην
616 2187 712 2217 codd.
869 2186 931 2224 567
960 2186 1002 2216 τὰ
1028 2182 1135 2223 ζῶντ’]
1160 2182 1201 2214 τά
1227 2181 1259 2223 ’γ’
1286 2180 1352 2213 ὄντ’
1378 2177 1496 2210 Nauck

169 2233 232 2271 568
258 2232 310 2270 σε]
328 2244 378 2263 σοι
395 2231 425 2261 Α
530 2229 627 2271 κνίζει
646 2231 672 2260 L
685 2230 711 2260 P
857 2239 915 2267 571
944 2228 970 2260 δ’
990 2227 1041 2268 αὖ]
1063 2226 1096 2258 δὲ
1113 2226 1142 2256 Α
1160 2237 1166 2255 ;
1192 2225 1218 2257 δ’
1238 2224 1275 2257 αὖ
1288 2230 1311 2265 p
1330 2225 1362 2254 in
1383 2231 1496 2254 rasura

169 2286 232 2314 573
257 2275 355 2316 XfiW]
374 2275 437 2314 Χρὴ
455 2273 527 2304 AV
614 2273 693 2315 γὰρ]
711 2272 756 2315 ἄρ’
776 2273 904 2303 Porsen
