1651 2780
645 120 992 159 ΕὙΡῙΠῙΔΟΎ

251 227 416 280 ἄκρατος
441 228 534 267 ἐλθὲ
559 226 646 278 θηρὶ
670 229 722 279 τῷ
748 227 965 276 θεοστυγεΐ,

253 295 315 335 καὶ
340 294 392 345 μὴ
418 293 475 334 ’πὶ
501 294 758 334 καλλίστοισι
783 294 974 343 Τρωικοῖς
999 291 1135 332 πόνοις

253 361 372 403 αὐτόν
395 377 436 401 τε
460 356 641 411 ναύζτα>ς
664 358 698 399 τ’
725 358 943 408 ἇπολέσητ’
969 357 1176 398 Ὀδυσσέα

253 428 315 470 ὑπ’
342 428 493 478 ἀνδρός,
521 425 550 481 ᾧ
582 429 681 467 θεῶν
706 425 818 466 οὐδὲν
843 422 865 475 ἢ
891 428 1048 477 βροτῶν
1073 424 1197 475 μέλει.
1416 425 1483 466 605

253 493 275 546 ἢ
301 495 372 545 τὴν
396 494 520 547 τύχην
544 496 615 544 μὲν
642 491 793 542 δαίμον’
818 491 1004 544 ἡγεῖσθαι
1029 492 1172 544 χρεών,

246 564 293 603 τὰ
319 562 514 613 δαιμόνων
539 562 579 600 δὲ
604 562 672 610 τῆς
698 559 819 612 τύχης
846 558 1065 599 ἐλάσσονα.

153 667 225 705 Xo.
451 659 627 713 λήψεται
669 660 737 700 τὸν
761 658 963 712 τράχηλον

456 728 621 770 ἐντόνως
646 727 666 766 ὁ
692 727 869 779 καρκίνος

320 799 387 836 τοῦ
412 793 746 845 ξενοδαιτυμόνος·
785 793 874 845 πυρὶ
899 793 974 845 γὰρ
998 791 1102 845 τάχα
1422 792 1488 824 610

456 862 701 915 φωσφόρους
727 861 815 902 ὀλεῖ
839 861 966 913 κόρας.

591 928 662 979 ἤδη

459 994 579 1038 δαλὸς
604 994 904 1047 ἠνθρακωμένος

323 1064 531 1117 κρύπτεται
556 1064 596 1105 ἐς
621 1061 802 1108 σποδιάν,
831 1060 943 1113 δρυὸς
968 1059 1143 1101 ἄσπετον
1426 1060 1489 1099 6¹5

460 1132 581 1183 ἔρνος·
621 1129 712 1170 ἀλλ’
738 1130 806 1169 ἴτω
835 1127 996 1180 Μάρων·

593 1194 823 1248 πρασσέτω·

325 1263 564 1316 μαινομένου
587 1262 747 1314 ’ξελέτω
774 1261 984 1314 βλέφαρον
1010 1260 1087 1301 Κύ-

461 1337 629 1376 κλωπος,
659 1330 710 1371 ὡς
732 1331 802 1386 πίῃ
830 1333 966 1370 κακῶς.

596 1397 701 1449 κάγὼ

326 1465 394 1505 τὸν
420 1463 769 1516 φιλοκισσοφόρον
795 1462 965 1515 Βρόμιον
991 1477 1060 1500 πο-
1427 1461 1494 1492 620

459 1531 588 1571 θεινὸν
613 1532 775 1570 εἰσιδεῖν
800 1529 916 1575 θέλω,

598 1597 758 1637 Κύκλω-

465 1682 537 1706 πος
560 1664 688 1705 λιπὼν
716 1663 889 1715 ἐρημίαν·

464 1731 523 1784 ἆρ’
549 1733 588 1773 ἐς
613 1729 769 1771 τοσόνδ’
796 1728 1008 1782 ἀφίξομαι,·

165 1834 235 1872 Οδ.
264 1834 404 1884 σιγᾶτε
430 1831 527 1883 πρὸς
552 1834 662 1877 θεῶν,
691 1831 816 1881 θῆρες,
844 1827 1076 1881 ἡσυχάζετε,

267 1898 476 1939 συνθέντες
501 1898 625 1949 ἄρθρα
649 1898 859 1947 στόματος·
896 1894 985 1935 οὐδὲ
1011 1896 1122 1934 πνεῖν
1149 1893 1211 1938 ε’ὣ,
1429 1893 1493 1934 625

269 1965 314 2005 οὐ
338 1964 663 2017 σκαρδαμύσσειν
688 1964 777 2004 οὐδὲ
800 1960 1080 2015 χρέμπτεσθαί
1100 1976 1199 2004 τινα,

268 2032 319 2074 ὡς
342 2032 393 2083 μὴ
420 2030 595 2087 ’ξεγερθῇ
621 2030 666 2070 τὸ
692 2030 822 2075 κακόν,
851 2027 934 2069 ἔστ’
961 2028 1008 2068 ἂν
1033 2029 1204 2078 ὄμματος

268 2101 364 2152 ὄψις
389 2099 606 2140 Κύκλωπος
631 2096 874 2152 ἐξαμιλληθῇ
899 2095 1003 2146 πυρί.

171 2170 239 2207 Χο.
269 2170 442 2218 σιγῶμεν
469 2165 718 2217 ἐγκάψαντες
743 2162 879 2215 αἰθέρα
902 2160 1075 2214 γνάθοις.

210 2260 275 2297 604
300 2260 372 2290 ναῦς
386 2259 411 2288 L
424 2258 449 2288 P
465 2269 471 2288 :
496 2267 581 2288 corr.
599 2257 627 2288 l:
653 2258 776 2288 αὐτοῖσι
790 2254 917 2286 ναύταις
932 2253 1073 2283 Pierson
1177 2252 1241 2288 605
1266 2250 1316 2282 ὑπ’
1333 2250 1377 2281 L:
1403 2249 1456 2281 ἀπ’
1471 2249 1498 2279 Ρ

165 2303 202 2344 ἢ]
216 2305 251 2335 οὺ
264 2302 439 2332 Hermann
539 2302 605 2331 610
628 2300 723 2340 ξένων
735 2298 922 2337 δαιτυμόνας
941 2297 1017 2326 Ι.Ρ;
1039 2305 1121 2326 corr.
1142 2294 1320 2325 Hermann
1420 2293 1495 2331 616,

166 2349 229 2386 617
262 2346 450 2386 μαινόμενος
474 2343 610 2385 ἐξελέτω
630 2344 655 2373 L
670 2343 718 2372 P:
743 2351 825 2373 corr.
848 2341 1025 2371 Hermann
1185 2338 1250 2367 626
1282 2337 1496 2378 χρίμπτεσθαι

170 2391 195 2420 L
212 2391 260 2420 P:
284 2399 366 2419 corr.
391 2389 427 2418 L¹
