1683 2732
669 122 922 159 ΚΎΚΛΩΨ

232 224 377 276 δάκρυα
399 222 577 274 μεθήσει·
615 223 780 274 βλέπετ’
807 224 886 265 ἅνω
914 224 974 264 καὶ
998 225 1051 275 μὴ
1078 225 1190 266 κάτω.

132 294 204 332 Χο.
232 291 326 337 ἰδού,
353 290 449 343 πρὸς
474 290 589 330 αὐτὸν
615 289 684 330 τὸν
711 290 782 330 Δί’
810 291 1122 343 ἀνακεκύφαμεν,

233 357 296 397 καὶ
319 356 468 408 τᾶστρα
494 357 555 397 καὶ
579 356 648 397 τὸν
673 356 848 409 Ὠρίωνα
871 357 1065 410 δέρκομαι.

135 427 203 464 Κυ.
231 423 392 476 ἄριστόν
414 424 523 463 ἐστιν
549 423 590 464 εὖ
616 423 1008 475 παρεσκευασμένους

133 493 205 530 Χο.
231 489 435 542 πάρεστιν.
509 490 528 529 ὁ
555 489 717 542 φάρυγξ
740 490 925 543 εὐτρεπὴς
950 491 1052 531 ἔστω
1078 492 1209 542 μόνον.
1395 507 1454 537 215

135 559 205 597 Κυ.
231 555 254 606 ἦ
280 556 342 597 καὶ
366 556 566 608 γάλακτός
593 558 673 597 εἶσι
699 559 886 609 κρατῆρες
910 557 1039 612 πλέῳ;

133 626 203 663 Χο.
230 622 326 663 ὥστ’
354 624 501 664 ἐκπιεῖν
526 622 572 675 γέ
598 623 649 669 σ’,
677 620 725 673 ἢν
751 623 880 680 θέλῃς,
907 625 1004 664 ὅλον
1028 625 1154 665 πίθον.

135 692 205 729 Κυ.
231 688 394 740 μήλειον
419 686 442 740 ἢ
467 690 605 741 βόειον
630 687 653 740 ἢ
680 690 938 743 μεμιγμένον,·

132 759 203 796 Χο.
229 757 283 796 ὧν
307 755 355 796 ἂν
381 755 498 812 θέλῃς
524 757 586 803 σύ,
613 756 666 808 μὴ
693 757 752 808 ’μὲ
779 758 967 814 καταπίῃς
990 759 1122 809 μόνον.

135 825 203 863 Κυ.
230 822 371 873 ἥκιστ’·
408 823 497 864 ἐπεί
519 822 558 873 μ’
584 822 632 863 ἂν
657 825 699 864 ἐν
723 823 826 880 μέσῃ
850 830 896 881 τῇ
920 824 1085 877 γαστέρι
1395 840 1457 862 220

232 892 430 940 πηδῶντες
455 888 690 930 ἀπολέσαιτ’
716 890 763 931 ἂν
786 890 859 931 ὑπὸ
884 895 961 932 τῶν
987 891 1216 945 σχημάτων.

297 956 355 996 ἔα·
393 955 464 996 τίν’
491 957 616 1009 ὄχλον
642 956 744 998 τόνδ’
770 958 844 1009 ὁρῶ
870 957 965 1009 πρὸς
991 958 1159 1004 αὐλίοις;

231 1023 380 1079 λῃσταί
402 1039 504 1065 τινες
531 1023 726 1076 κατέσχον
752 1020 774 1073 ἦ
802 1028 953 1066 κλῶπες
977 1025 1121 1078 χθόνα,-

233 1090 307 1142 ὖρῶ
334 1089 379 1141 γέ
404 1106 463 1130 τοι
489 1089 620 1130 τούσδ’
647 1089 765 1142 ἄρνας
791 1088 836 1139 ἐξ
857 1090 1006 1142 ἄντρων
1031 1092 1133 1142 ἐμῶν

232 1160 443 1207 στρεπταῖς
468 1156 630 1208 λύγοισι
656 1161 771 1207 σῶμα
796 1158 1185 1210 συμπεπλεγμένους,
1395 1174 1454 1204 225

230 1222 348 1276 τεύχη
374 1240 417 1263 τε
442 1227 567 1275 τυρῶν
594 1226 783 1276 συμμιγῆ,
811 1223 974 1276 γέροντά
999 1241 1041 1265 τε

231 1293 404 1341 πληγαῖς
430 1290 647 1341 πρόσωπον
674 1290 879 1342 φαλακρὸν
906 1290 1137 1345 ἐξῳδηκότα.

131 1358 187 1395 Σι.
230 1355 337 1406 ὤμοι,
365 1355 552 1408 πυρέσσω
580 1357 895 1408 συγκεκομμένος
919 1357 1053 1400 τάλας.

132 1425 200 1462 Κυ.
227 1421 302 1463 ὑπὸ
326 1426 413 1470 τοῦ;
453 1424 511 1465 τίς
539 1425 577 1465 ἐς
603 1423 676 1463 σὸν
704 1423 810 1476 κρᾶτ’
835 1424 1086 1471 ἐπύκτευσεν,
1114 1424 1248 1476 γέρον;

130 1491 188 1528 Σι.
227 1488 301 1530 ὑπὸ
326 1492 460 1535 τῶνδε,
490 1490 684 1542 Κύκλωψ,
713 1491 772 1530 ὅτι
797 1492 844 1531 τὰ
869 1490 908 1530 σ’
934 1491 1001 1531 οὐκ
1028 1493 1118 1532 εἴων
1143 1491 1293 1544 φέρειν.
1395 1507 1455 1537 230

131 1557 199 1595 Κυ.
228 1555 295 1595 οὐκ
319 1555 424 1612 ᾖσαν
450 1558 545 1597 ὄντα
571 1558 661 1598 θεόν
686 1575 734 1608 με
760 1558 821 1598 καὶ
848 1561 945 1599 θεῶν
970 1557 1065 1605 ἄπο;

129 1650 159 1661 fl
179 1652 187 1661 .
227 1621 368 1675 ἔλεγον
393 1623 471 1675 ἐγὼ
497 1623 594 1663 τάδ’·
632 1624 667 1665 οἳ
693 1624 725 1665 δ’
751 1626 920 1678 ἐφόρουν
945 1627 992 1665 τὰ
1016 1624 1208 1679 χρήματα·

228 1688 290 1728 καὶ
314 1690 380 1730 τόν
405 1706 451 1741 γε
476 1689 590 1742 τυρὸν
617 1690 684 1730 οὐκ
711 1693 853 1734 ἐῶντος
876 1692 1018 1743 ἤσθιον

227 1755 315 1797 τούς
338 1755 370 1795 τ’
396 1755 516 1808 ἄρνας
543 1755 818 1809 ἐξεφοροῦντο·
857 1758 1049 1809 δήσαντες
1074 1761 1114 1799 δὲ
1141 1761 1188 1799 σὲ

228 1826 341 1878 κλῳῷ
366 1822 562 1877 τριπήχει,
594 1823 689 1879 κᾷτα
713 1825 780 1866 τὸν
806 1825 1016 1878 ὀφθαλμὸν
1039 1825 1164 1877 μέσον
1391 1839 1451 1870 235

227 1957 274 1996 τὰ
300 1956 503 2010 σπλάγχν’
531 1958 712 2010 ἔφασκον
739 1958 1010 2010 ἐξαμήσεσθαι
1035 1960 1119 2013 βίᾳ,

225 2022 394 2075 μάστιγί
418 2023 449 2064 τ’
476 2024 516 2064 εὖ
542 2024 585 2064 τὸ
611 2029 735 2066 νῶτον
762 2027 1005 2077 ἀποθλίψειν
1031 2025 1162 2071 σέθεν,

168 2124 240 2153 212,
261 2125 334 2154 215,
353 2126 426 2155 217,
447 2126 510 2156 219
534 2122 591 2148 Χο.
609 2116 798 2156 Tyrwhitt:
826 2117 943 2148 Sileno
962 2117 1111 2148 tribuunt
1131 2117 1194 2146 LP
1313 2128 1375 2156 213
1400 2119 1448 2149 καὶ

125 2157 264 2200 reim-pa]
289 2159 331 2190 τά
354 2160 383 2190 τ’
409 2161 512 2201 ἄστρα
537 2160 799 2192 Choeroboscus
826 2162 904 2191 Can.
935 2171 961 2197 1,
990 2171 1022 2199 p.
1049 2161 1120 2199 286,
1148 2170 1167 2199 3
1321 2171 1384 2199 219
1409 2160 1450 2191 ὧν

128 2201 247 2231 Kaibel
265 2213 270 2232 :
294 2203 330 2234 ὃν
348 2202 373 2231 L
387 2202 413 2232 P
583 2214 646 2234 220
668 2205 700 2243 μ’
720 2205 853 2235 Seidler
870 2217 875 2235 :
899 2204 931 2245 γ’
953 2205 976 2234 L
991 2205 1015 2234 P
1177 2214 1239 2242 227
1265 2204 1448 2245 πρόσωπον]

123 2244 273 2284 μέτωπον
290 2245 459 2285 Tyrwhitt
619 2257 680 2286 233
704 2248 760 2288 γε]
779 2262 813 2279 τε
834 2248 953 2278 Kaibcl
1062 2251 1176 2280 ἐῶντος
1190 2253 1232 2287 p:
1261 2247 1367 2279 ἐόντος
1387 2247 1412 2276 L
1425 2247 1450 2276 P

125 2298 188 2327 234
214 2291 404 2330 ἐξεφροῦντο
420 2289 596 2329 Musgrave
612 2291 721 2321 Cobet
737 2292 893 2332 <sormam
911 2292 1091 2332 ἐξεφρίεντο
1112 2292 1236 2322 mavult
1250 2290 1439 2330 Weckleinj

125 2341 187 2371 235
224 2332 392 2363 Lacunam
426 2334 524 2363 unius
556 2344 671 2364 versus
705 2335 849 2364 indicavi
973 2334 1082 2373 Vulgo
1114 2336 1197 2367 κατὰ
1231 2334 1383 2369 <cantem
1415 2338 1447 2363 ct

125 2375 271 2416 ὀμφαλὸν
297 2376 477 2416 (Scaliger)
628 2378 690 2415 236
716 2378 926 2417 ἐξαμήσεσθαι
954 2377 1108 2416 Duport:
1142 2378 1356 2417 ἐξαμήσασθαι
1384 2377 1407 2406 L
1423 2377 1446 2406 Ι)

125 2428 186 2458 237
213 2419 387 2459 ἀπολέψειν
405 2420 577 2450 Ruhnken
