1683 2732
704 67 1020 106 ΑΛΚΗΣΤΙΣ

297 169 341 210 τὸ
365 172 433 221 τῆς
458 169 578 223 τύχης
605 171 679 222 γὰρ
704 170 855 222 ἀφανὲς
878 170 918 211 οἳ
941 168 1204 222 προβήσεται,
1463 179 1521 219 785

297 236 409 277 κᾶστ’
434 237 479 277 οὐ
504 236 684 277 διδακτὸν
709 236 788 277 οὐδ’
814 237 1022 278 ἁλίσκεται
1047 236 1182 293 τέχνῃ.

295 302 401 343 ταῦτ’
425 304 493 344 οὖν
518 303 691 346 ἀκούσας
716 303 778 343 καὶ
802 305 939 354 μαθὼν
965 305 1058 353 ἐμοῦ
1081 303 1197 356 πάρα,

295 370 480 422 εὔφραινε
507 370 667 416 σαυτόν,
694 373 795 416 πῖνε,
822 369 891 411 τὸν
918 369 1001 410 καθ’
1025 369 1173 422 ἡμέραν

293 438 387 487 βίον
409 438 569 489 λογίζου
595 437 681 483 σόν,
708 438 756 476 τὰ
780 435 814 477 δ’
838 436 946 477 ἄλλα
969 439 1037 488 τῆς
1061 437 1196 490 τύχης.

293 503 386 553 τίμα
409 505 451 544 δὲ
477 503 540 543 καὶ
564 503 634 553 τὴν
660 507 853 544 πλεῖστον
878 504 1046 554 ἡδίστην
1072 507 1170 544 θεῶν
1457 515 1519 550 790

294 570 445 622 Κύπριν
468 573 691 622 βροτοῖσιν·
729 570 891 621 εὐμενὴς
916 572 990 623 γὰρ
1014 570 1037 621 ἡ
1062 571 1163 613 θεός.

291 637 340 675 τὰ
363 636 396 675 δ’
421 635 514 675 ἄλλ’
539 637 660 677 ἔασον
683 640 803 677 ταῦτα
829 636 890 677 καὶ
915 639 1029 677 πιθοῦ
1052 637 1190 690 λόγοις

291 703 614 755 ἐμοῖσιν-εἴπερ
641 702 737 755 ὀρθά
763 721 827 744 σοι
852 706 951 743 δοκῶ
976 702 1129 755 λέγειν;

289 769 394 819 οἶμαι
420 768 505 820 μέν.
576 769 713 810 οὔκουν
738 769 809 819 τὴν
833 769 935 822 ἄγαν
961 769 1090 820 λύπην
1114 769 1232 822 ἀφεὶς

290 836 357 891 πίῃ
382 835 467 887 μεθ’
493 836 603 888 ἡμῶν
627 835 740 877 τάσδ’
765 837 1006 889 ὑπερβαλὼν
1030 837 1163 889 τύχας,
1455 847 1513 882 795

288 902 504 954 στεφάνοις
527 903 761 950 πυκασθείς,·
801 903 863 944 καὶ
889 902 988 956 σάφ’
1015 902 1087 943 οἶδ’
1113 902 1301 943 ὁθούνεκα

288 973 356 1008 τοῦ
379 972 446 1010 νῦν
472 972 704 1022 σκυθρωποῦ
730 969 794 1010 καὶ
817 968 1063 1019 ξυνεστῶτος
1088 972 1245 1021 φρενῶν

285 1038 492 1087 μεθορμιεῖ
513 1053 562 1076 σε
587 1037 751 1078 πίτυλος
775 1036 960 1085 ἐμπεσὼν
987 1035 1153 1087 σκύφον.

286 1103 401 1144 ὄντας
426 1103 469 1143 δὲ
492 1101 653 1152 θνητοὺς
679 1103 801 1152 θνητὰ
828 1102 889 1142 καὶ
914 1105 1077 1154 φρονεῖν
1101 1101 1243 1154 χρεών·

286 1167 336 1209 ὡς
360 1171 442 1210 τοῖς
465 1185 510 1220 γε
536 1172 697 1219 σεμνοῖς
725 1168 787 1209 καὶ
812 1167 1167 1220 συνωφρυωμένοις
1450 1173 1511 1203 S00

284 1233 434 1275 ἅπασίν
460 1235 581 1281 ἐστιν,
610 1235 663 1276 ὥς
686 1233 723 1287 γ’
748 1235 835 1285 ἐμοὶ
859 1237 1034 1287 χρῆσθαι
1058 1235 1180 1290 κριτῇ,

284 1300 328 1340 οὐ
350 1302 442 1351 βίος
465 1302 620 1351 ἀληθῶς
646 1301 666 1340 ὁ
690 1302 794 1352 βίος,
822 1302 928 1341 ἀλλὰ
955 1300 1152 1353 συμφορά.

184 1371 256 1408 Θε.
284 1366 559 1418 ἐπιστάμεσθα
582 1371 717 1408 ταῦτα·
755 1371 822 1408 νῦν
847 1370 890 1408 δὲ
914 1367 1148 1420 πράσσομεν

281 1434 354 1487 οὐχ
381 1435 444 1474 οἶα
470 1434 598 1485 κώμου
623 1434 687 1475 καὶ
710 1433 886 1487 γέλωτος
911 1434 1014 1485 ἄξια.

183 1504 258 1552 Ηρ.
279 1500 375 1554 γυνὴ
401 1504 558 1554 θυραῖος
583 1501 605 1554 ἡ
631 1504 820 1542 θανοῦσα·
858 1501 910 1552 μὴ
935 1502 1027 1542 λίαν
1443 1505 1507 1543 805

281 1567 427 1608 πένθει’
466 1569 595 1619 δόμων
619 1569 695 1621 γὰρ
722 1569 817 1618 ζῶσι
842 1571 965 1609 τῶνδε
990 1567 1191 1609 δεσπόται.

181 1637 254 1676 Θε.
279 1635 319 1675 τί
343 1635 480 1685 ζῶσιν;
520 1636 562 1676 οὐ
590 1635 782 1676 κάτοισθα
805 1636 877 1676 τάν
902 1635 1035 1686 δόμοις
1060 1633 1176 1681 κακά,-

180 1704 255 1753 Ηρ.
278 1703 311 1743 εἰ
334 1701 386 1753 μή
413 1719 451 1742 τι
476 1703 548 1744 σός
572 1719 621 1753 με
646 1702 842 1753 δεσπότης
868 1701 1082 1754 ἐψεύσατο.

180 1770 252 1810 Θε.
278 1767 380 1821 ἄγαν
405 1769 553 1811 ἐκεῖνός
578 1768 660 1809 ἐστ’
685 1768 787 1822 ἄγαν
812 1768 1037 1821 φιλόξενος.

178 1838 253 1887 Ηρ.
275 1836 319 1876 οὐ
344 1838 445 1889 χρῆν
469 1835 507 1887 μ’
533 1837 687 1877 ὀθνείου
711 1835 748 1889 γ’
774 1835 900 1877 οὕνεκ’
926 1836 967 1877 εὖ
991 1834 1166 1889 πάσχειν
1191 1834 1347 1886 νεκροῦ,·
1436 1837 1502 1868 810

177 1903 249 1942 Θε.
276 1901 299 1952 ἦ
326 1901 447 1954 κάρτα
469 1901 605 1954 μέντοι
630 1903 693 1943 καὶ
717 1904 809 1944 λίαν
834 1905 990 1955 θυραῖος
1014 1902 1074 1953 ἦν.

176 1971 251 2019 Ηρ.
271 1972 355 2020 μῶν
376 1968 581 2022 ξυμφοράν
606 1969 677 2011 τιν’
703 1970 829 2011 οὖσαν
854 1968 921 2010 οὐκ
947 1967 1092 2021 ἔφραζέ
1114 1983 1199 2019 μοι,·

219 2063 280 2102 785
304 2064 343 2095 τὸ
360 2063 454 2094 codd.
475 2067 508 2093 et
523 2067 569 2096 Σε
594 2064 636 2095 τὰ
654 2063 804 2102 Elmsley
939 2060 1070 2094 ofVB:
1097 2059 1131 2092 οὗ
1150 2059 1175 2089 L
1188 2059 1232 2090 P:
1257 2057 1276 2096 ἦ
1291 2057 1501 2089 Hauniensis

175 2107 236 2145 787
271 2107 360 2138 τοῦτ’
390 2106 498 2137 Orion
526 2106 629 2137 Anth.
657 2107 723 2138 viii.
755 2118 775 2145 4
947 2115 1008 2144 792
1042 2103 1158 2143 ταῦτα]
1188 2101 1293 2134 πάντα
1323 2101 1497 2150 ΜΒΓΚΙξηά

173 2152 263 2181 πιθοῦ
282 2149 406 2181 Monk:
431 2150 537 2182 πείθου
556 2149 663 2181 LVB
679 2161 686 2181 2
710 2150 800 2182 πίθου
819 2149 845 2180 Ρ
864 2149 982 2190 (voluit
999 2146 1119 2187 πείθου)
1256 2155 1317 2184 794
1342 2150 1394 2176 Θε.
1414 2151 1497 2183 οἶμαι

171 2192 239 2232 μέν.
291 2197 345 2234 Ηρ.
373 2194 487 2225 οὔκουν
498 2200 597 2225 κ.τ.λ.
616 2192 644 2223 Β
777 2194 927 2232 795-796
950 2191 1042 2223 τάσδ’
1062 2214 1069 2221 .
1089 2214 1094 2219 .
1115 2212 1121 2219 .
1143 2188 1314 2221 πυκασθείς
1329 2188 1391 2218 del.
1410 2187 1497 2218 Her-

171 2236 323 2275 werden,
345 2236 386 2267 cf.
405 2237 479 2275 829,
499 2237 562 2275 832
712 2246 773 2276 795
797 2236 915 2276 τύχας]
933 2248 982 2275 γρ.
1004 2235 1105 2265 πύλας
1123 2238 1146 2266 Σ
1289 2241 1350 2270 797
1375 2234 1496 2272 Φρενῶν

172 2277 260 2310 LP:
284 2282 381 2312 κακοῦ
397 2279 467 2311 VB
601 2281 666 2319 809
690 2281 772 2321 ἄγαν
787 2279 819 2319 γ’
841 2279 904 2309 LP
1028 2278 1091 2307 810
1115 2279 1150 2308 οὐ
1167 2278 1250 2317 χρῆν
1265 2274 1492 2314 μ’νΒεῐΣ;

171 2323 283 2355 οὔκουν
299 2322 326 2354 L
340 2323 365 2354 Ρ
496 2324 557 2354 811
585 2326 706 2364 θυραῖος
725 2324 751 2354 Β
765 2323 795 2353 O
810 2323 838 2353 D
856 2333 863 2353 τ
887 2323 999 2353 οἰκεῖος
1017 2320 1046 2350 V
1058 2320 1083 2350 L
1097 2320 1122 2350 1³
1134 2324 1168 2352 Σ.
1217 2319 1266 2350 Cf.
1287 2329 1314 2349 v.
1336 2319 1396 2355 814
