<?xml version="1.0" encoding="UTF-8"?>
<!DOCTYPE html PUBLIC "-//W3C//DTD XHTML 1.0 Transitional//EN"
    "http://www.w3.org/TR/xhtml1/DTD/xhtml1-transitional.dtd">
<html xmlns="http://www.w3.org/1999/xhtml" xml:lang="en" lang="en">
 <head>
  <title>
</title>
<meta http-equiv="Content-Type" content="text/html;charset=utf-8" />
  <meta name='ocr-system' content='tesseract 3.04.00' />
  <meta name='ocr-capabilities' content='ocr_page ocr_carea ocr_par ocr_line ocrx_word'/>
</head>
<body>
  <div class='ocr_page' id='page_1' title='image "./euripidisfabulae01euriuoft_0271.png"; bbox 0 0 1683 2732; ppageno 0'>
   <div class='ocr_carea' id='block_1_1' title="bbox 465 536 1065 590">
    <p class='ocr_par' dir='ltr' id='par_1_1' title="bbox 465 536 1065 590">
     <span class='ocr_line' id='line_1_1' title="bbox 465 536 1065 590; baseline -0.005 0"><span class='ocrx_word' id='word_1_1' title='bbox 465 536 1065 590; x_wconf 72' lang='lat' dir='ltr'><strong>ANAPOMAXH</strong></span> 
     </span>
    </p>
   </div>
   <div class='ocr_carea' id='block_1_2' title="bbox 106 731 1436 2181">
    <p class='ocr_par' dir='ltr' id='par_1_2' title="bbox 106 731 1436 2181">
     <span class='ocr_line' id='line_1_2' title="bbox 106 731 429 762; baseline -0.006 0"><span class='ocrx_word' id='word_1_2' title='bbox 106 731 429 762; x_wconf 78' lang='grc' dir='ltr'><strong>ΑΝΔΡΟΜΑΧΗ</strong></span> 
     </span>
     <span class='ocr_line' id='line_1_3' title="bbox 204 789 1032 842; baseline -0.001 -12"><span class='ocrx_word' id='word_1_3' title='bbox 204 790 429 830; x_wconf 83' lang='grc' dir='ltr'>Ἀσιάτιδος</span> <span class='ocrx_word' id='word_1_4' title='bbox 454 792 526 841; x_wconf 81' lang='grc' dir='ltr'>γῆς</span> <span class='ocrx_word' id='word_1_5' title='bbox 552 791 703 842; x_wconf 78' lang='grc' dir='ltr'>σχῆμα,</span> <span class='ocrx_word' id='word_1_6' title='bbox 733 789 899 839; x_wconf 79' lang='grc' dir='ltr'><em>Θηβαία</em></span> <span class='ocrx_word' id='word_1_7' title='bbox 924 789 1032 839; x_wconf 84' lang='grc' dir='ltr'>πόλι,</span> 
     </span>
     <span class='ocr_line' id='line_1_4' title="bbox 206 855 1062 913; baseline -0.001 -16"><span class='ocrx_word' id='word_1_8' title='bbox 206 858 296 897; x_wconf 87' lang='grc' dir='ltr'>ὅθεν</span> <span class='ocrx_word' id='word_1_9' title='bbox 320 855 408 897; x_wconf 85' lang='grc' dir='ltr'>ποθ’</span> <span class='ocrx_word' id='word_1_10' title='bbox 433 856 556 896; x_wconf 82' lang='grc' dir='ltr'>ἕδνων</span> <span class='ocrx_word' id='word_1_11' title='bbox 582 855 656 895; x_wconf 84' lang='grc' dir='ltr'>σὺν</span> <span class='ocrx_word' id='word_1_12' title='bbox 684 856 922 909; x_wconf 76' lang='grc' dir='ltr'>πολυχρύσῳ</span> <span class='ocrx_word' id='word_1_13' title='bbox 943 859 1062 913; x_wconf 76' lang='grc' dir='ltr'>χλιδῇ</span> 
     </span>
     <span class='ocr_line' id='line_1_5' title="bbox 206 921 988 976; baseline -0.004 -13"><span class='ocrx_word' id='word_1_14' title='bbox 206 922 386 976; x_wconf 81' lang='grc' dir='ltr'>Πριάμου</span> <span class='ocrx_word' id='word_1_15' title='bbox 410 922 600 974; x_wconf 84' lang='grc' dir='ltr'>τύραννον</span> <span class='ocrx_word' id='word_1_16' title='bbox 625 922 762 962; x_wconf 81' lang='grc' dir='ltr'>ἑστίαν</span> <span class='ocrx_word' id='word_1_17' title='bbox 788 921 988 973; x_wconf 78' lang='grc' dir='ltr'>ἀφικόμην</span> 
     </span>
     <span class='ocr_line' id='line_1_6' title="bbox 205 985 968 1042; baseline -0.003 -13"><span class='ocrx_word' id='word_1_18' title='bbox 205 989 331 1042; x_wconf 84' lang='grc' dir='ltr'>δάμαρ</span> <span class='ocrx_word' id='word_1_19' title='bbox 357 992 519 1029; x_wconf 83' lang='grc' dir='ltr'>δοθεῖσα</span> <span class='ocrx_word' id='word_1_20' title='bbox 544 987 776 1029; x_wconf 86' lang='grc' dir='ltr'>παιδοποιὸς</span> <span class='ocrx_word' id='word_1_21' title='bbox 792 985 968 1039; x_wconf 53' lang='grc' dir='ltr'>’Ἕκτορα</span> 
     </span>
     <span class='ocr_line' id='line_1_7' title="bbox 207 1053 1431 1110; baseline -0.001 -14"><span class='ocrx_word' id='word_1_22' title='bbox 207 1055 378 1107; x_wconf 82' lang='grc' dir='ltr'>ζηλωτὸς</span> <span class='ocrx_word' id='word_1_23' title='bbox 402 1055 445 1095; x_wconf 77' lang='grc' dir='ltr'>ἕν</span> <span class='ocrx_word' id='word_1_24' title='bbox 469 1072 515 1107; x_wconf 87' lang='grc' dir='ltr'>γε</span> <span class='ocrx_word' id='word_1_25' title='bbox 540 1059 592 1109; x_wconf 80' lang='grc' dir='ltr'>τῷ</span> <span class='ocrx_word' id='word_1_26' title='bbox 620 1055 710 1105; x_wconf 85' lang='grc' dir='ltr'>πρὶν</span> <span class='ocrx_word' id='word_1_27' title='bbox 736 1053 987 1108; x_wconf 79' lang='grc' dir='ltr'>Ἀνδρομάχη</span> <span class='ocrx_word' id='word_1_28' title='bbox 1011 1056 1154 1110; x_wconf 86' lang='grc' dir='ltr'>χρόνῳ,</span> <span class='ocrx_word' id='word_1_29' title='bbox 1416 1070 1431 1101; x_wconf 82' lang='lat'><em>5</em></span> 
     </span>
     <span class='ocr_line' id='line_1_8' title="bbox 205 1120 1096 1174; baseline -0.002 -11"><span class='ocrx_word' id='word_1_30' title='bbox 205 1126 275 1163; x_wconf 83' lang='grc' dir='ltr'>νῦν</span> <span class='ocrx_word' id='word_1_31' title='bbox 300 1122 344 1168; x_wconf 83' lang='grc' dir='ltr'>δ’,</span> <span class='ocrx_word' id='word_1_32' title='bbox 375 1123 410 1162; x_wconf 81' lang='grc' dir='ltr'>εἴ</span> <span class='ocrx_word' id='word_1_33' title='bbox 432 1138 489 1163; x_wconf 83' lang='grc' dir='ltr'>τις</span> <span class='ocrx_word' id='word_1_34' title='bbox 517 1121 633 1171; x_wconf 84' lang='grc' dir='ltr'>ἄλλη,</span> <span class='ocrx_word' id='word_1_35' title='bbox 663 1120 960 1173; x_wconf 84' lang='grc' dir='ltr'>δυστυχεστάτη</span> <span class='ocrx_word' id='word_1_36' title='bbox 986 1120 1096 1174; x_wconf 82' lang='grc' dir='ltr'>γυνή·</span> 
     </span>
     <span class='ocr_line' id='line_1_9' title="bbox 207 1184 933 1241; baseline -0.003 -12"><span class='ocrx_word' id='word_1_37' title='bbox 207 1185 315 1240; x_wconf 81' lang='grc' dir='ltr'>[ἐμοῦ</span> <span class='ocrx_word' id='word_1_38' title='bbox 338 1187 515 1241; x_wconf 87' lang='grc' dir='ltr'>πέφυκεν</span> <span class='ocrx_word' id='word_1_39' title='bbox 540 1184 562 1237; x_wconf 76' lang='grc' dir='ltr'>ἢ</span> <span class='ocrx_word' id='word_1_40' title='bbox 589 1186 804 1239; x_wconf 81' lang='grc' dir='ltr'>γενήσεταί</span> <span class='ocrx_word' id='word_1_41' title='bbox 825 1185 933 1238; x_wconf 83' lang='grc' dir='ltr'>ποτε]</span> 
     </span>
     <span class='ocr_line' id='line_1_10' title="bbox 205 1252 1023 1306; baseline 0.001 -11"><span class='ocrx_word' id='word_1_42' title='bbox 205 1256 289 1306; x_wconf 87' lang='grc' dir='ltr'>ἥτις</span> <span class='ocrx_word' id='word_1_43' title='bbox 314 1255 434 1296; x_wconf 87' lang='grc' dir='ltr'>πόσιν</span> <span class='ocrx_word' id='word_1_44' title='bbox 459 1256 530 1305; x_wconf 80' lang='grc' dir='ltr'>μὲν</span> <span class='ocrx_word' id='word_1_45' title='bbox 549 1252 709 1305; x_wconf 62' lang='grc' dir='ltr'>“Έκτορ’</span> <span class='ocrx_word' id='word_1_46' title='bbox 734 1252 780 1304; x_wconf 82' lang='grc' dir='ltr'>ἐξ</span> <span class='ocrx_word' id='word_1_47' title='bbox 801 1253 1023 1306; x_wconf 82' lang='grc' dir='ltr'>Ἀχιλλέως</span> 
     </span>
     <span class='ocr_line' id='line_1_11' title="bbox 207 1319 1116 1366; baseline -0.001 -4"><span class='ocrx_word' id='word_1_48' title='bbox 207 1321 360 1362; x_wconf 84' lang='grc' dir='ltr'>θανόντ’</span> <span class='ocrx_word' id='word_1_49' title='bbox 388 1323 555 1366; x_wconf 83' lang='grc' dir='ltr'>ἐσεῖδον,</span> <span class='ocrx_word' id='word_1_50' title='bbox 584 1319 704 1360; x_wconf 84' lang='grc' dir='ltr'>παῖδά</span> <span class='ocrx_word' id='word_1_51' title='bbox 730 1319 762 1359; x_wconf 87' lang='grc' dir='ltr'>θ’</span> <span class='ocrx_word' id='word_1_52' title='bbox 788 1319 832 1361; x_wconf 82' lang='grc' dir='ltr'>ὃν</span> <span class='ocrx_word' id='word_1_53' title='bbox 857 1322 972 1361; x_wconf 88' lang='grc' dir='ltr'>τίκτω</span> <span class='ocrx_word' id='word_1_54' title='bbox 997 1321 1116 1361; x_wconf 85' lang='grc' dir='ltr'>πόσει</span> 
     </span>
     <span class='ocr_line' id='line_1_12' title="bbox 205 1385 1434 1441; baseline -0.004 -12"><span class='ocrx_word' id='word_1_55' title='bbox 205 1388 399 1441; x_wconf 86' lang='grc' dir='ltr'>ῥιφθέντα</span> <span class='ocrx_word' id='word_1_56' title='bbox 421 1388 581 1440; x_wconf 83' lang='grc' dir='ltr'>πύργων</span> <span class='ocrx_word' id='word_1_57' title='bbox 606 1385 866 1427; x_wconf 81' lang='grc' dir='ltr'>Ἀστυάνακτ’</span> <span class='ocrx_word' id='word_1_58' title='bbox 892 1386 957 1427; x_wconf 84' lang='grc' dir='ltr'>ἀπ’</span> <span class='ocrx_word' id='word_1_59' title='bbox 982 1388 1137 1439; x_wconf 82' lang='grc' dir='ltr'>ὀρθίων,</span> <span class='ocrx_word' id='word_1_60' title='bbox 1396 1402 1434 1424; x_wconf 93' lang='lat'>10</span> 
     </span>
     <span class='ocr_line' id='line_1_13' title="bbox 208 1452 1039 1506; baseline -0.002 -11"><span class='ocrx_word' id='word_1_61' title='bbox 208 1455 294 1496; x_wconf 76' lang='grc' dir='ltr'>ἐπεὶ</span> <span class='ocrx_word' id='word_1_62' title='bbox 317 1454 361 1494; x_wconf 84' lang='grc' dir='ltr'>τὸ</span> <span class='ocrx_word' id='word_1_63' title='bbox 383 1456 529 1506; x_wconf 83' lang='grc' dir='ltr'>Τροίας</span> <span class='ocrx_word' id='word_1_64' title='bbox 555 1455 665 1494; x_wconf 75' lang='grc' dir='ltr'>εἷλον</span> <span class='ocrx_word' id='word_1_65' title='bbox 682 1452 883 1503; x_wconf 60' lang='grc' dir='ltr'>’Έλληνες</span> <span class='ocrx_word' id='word_1_66' title='bbox 907 1452 1039 1494; x_wconf 85' lang='grc' dir='ltr'>πέδον·</span> 
     </span>
     <span class='ocr_line' id='line_1_14' title="bbox 207 1519 967 1571; baseline -0.001 -9"><span class='ocrx_word' id='word_1_67' title='bbox 207 1522 302 1571; x_wconf 79' lang='grc' dir='ltr'>αὐτὴ</span> <span class='ocrx_word' id='word_1_68' title='bbox 328 1523 369 1561; x_wconf 81' lang='grc' dir='ltr'>δὲ</span> <span class='ocrx_word' id='word_1_69' title='bbox 394 1521 514 1571; x_wconf 84' lang='grc' dir='ltr'>δούλη</span> <span class='ocrx_word' id='word_1_70' title='bbox 540 1525 618 1561; x_wconf 86' lang='grc' dir='ltr'>τῶν</span> <span class='ocrx_word' id='word_1_71' title='bbox 644 1519 967 1569; x_wconf 81' lang='grc' dir='ltr'>ἐλευθερωτάτων</span> 
     </span>
     <span class='ocr_line' id='line_1_15' title="bbox 209 1585 1055 1639; baseline 0 -12"><span class='ocrx_word' id='word_1_72' title='bbox 209 1590 325 1629; x_wconf 82' lang='grc' dir='ltr'>οἴκων</span> <span class='ocrx_word' id='word_1_73' title='bbox 350 1587 572 1639; x_wconf 83' lang='grc' dir='ltr'>νομισθεῖσ’</span> <span class='ocrx_word' id='word_1_74' title='bbox 597 1585 763 1626; x_wconf 87' lang='grc' dir='ltr'>Ἑλλάδ’</span> <span class='ocrx_word' id='word_1_75' title='bbox 790 1588 1055 1639; x_wconf 83' lang='grc' dir='ltr'>εἷσαφικόμην</span> 
     </span>
     <span class='ocr_line' id='line_1_16' title="bbox 207 1653 1034 1711; baseline 0 -16"><span class='ocrx_word' id='word_1_76' title='bbox 207 1659 260 1710; x_wconf 80' lang='grc' dir='ltr'>τῷ</span> <span class='ocrx_word' id='word_1_77' title='bbox 284 1655 458 1711; x_wconf 84' lang='grc' dir='ltr'>νησιώτῃ</span> <span class='ocrx_word' id='word_1_78' title='bbox 483 1653 753 1708; x_wconf 81' lang='grc' dir='ltr'>Νεοπτολέμῳ</span> <span class='ocrx_word' id='word_1_79' title='bbox 780 1653 892 1705; x_wconf 78' lang='grc' dir='ltr'>δορὸς</span> <span class='ocrx_word' id='word_1_80' title='bbox 916 1653 1034 1706; x_wconf 69' lang='grc' dir='ltr'>γέρας</span> 
     </span>
     <span class='ocr_line' id='line_1_17' title="bbox 208 1719 1434 1772; baseline -0.006 -10"><span class='ocrx_word' id='word_1_81' title='bbox 208 1725 370 1763; x_wconf 80' lang='grc' dir='ltr'>δοθεῖσα</span> <span class='ocrx_word' id='word_1_82' title='bbox 391 1721 501 1763; x_wconf 84' lang='grc' dir='ltr'>λείας</span> <span class='ocrx_word' id='word_1_83' title='bbox 526 1722 703 1772; x_wconf 79' lang='grc' dir='ltr'>Τρωικῆς</span> <span class='ocrx_word' id='word_1_84' title='bbox 729 1719 936 1772; x_wconf 78' lang='grc' dir='ltr'>ἐξαίρετον.</span> <span class='ocrx_word' id='word_1_85' title='bbox 1398 1734 1434 1765; x_wconf 83' lang='lat'>15</span> 
     </span>
     <span class='ocr_line' id='line_1_18' title="bbox 209 1788 1079 1839; baseline 0.002 -11"><span class='ocrx_word' id='word_1_86' title='bbox 209 1790 334 1830; x_wconf 83' lang='grc' dir='ltr'>Φθίας</span> <span class='ocrx_word' id='word_1_87' title='bbox 358 1790 401 1829; x_wconf 82' lang='grc' dir='ltr'>δὲ</span> <span class='ocrx_word' id='word_1_88' title='bbox 426 1790 548 1838; x_wconf 83' lang='grc' dir='ltr'>τῆσδε</span> <span class='ocrx_word' id='word_1_89' title='bbox 575 1788 636 1828; x_wconf 80' lang='grc' dir='ltr'>καὶ</span> <span class='ocrx_word' id='word_1_90' title='bbox 663 1788 818 1829; x_wconf 82' lang='grc' dir='ltr'>πόλεως</span> <span class='ocrx_word' id='word_1_91' title='bbox 844 1789 1079 1839; x_wconf 80' lang='grc' dir='ltr'>Φαρσαλίας</span> 
     </span>
     <span class='ocr_line' id='line_1_19' title="bbox 209 1853 1031 1908; baseline 0 -13"><span class='ocrx_word' id='word_1_92' title='bbox 209 1856 411 1908; x_wconf 84' lang='grc' dir='ltr'>σύγχορτα</span> <span class='ocrx_word' id='word_1_93' title='bbox 436 1856 530 1895; x_wconf 86' lang='grc' dir='ltr'>ναίω</span> <span class='ocrx_word' id='word_1_94' title='bbox 556 1854 673 1900; x_wconf 71' lang='grc' dir='ltr'>πεδί’,</span> <span class='ocrx_word' id='word_1_95' title='bbox 703 1853 750 1894; x_wconf 83' lang='grc' dir='ltr'>ἵν’</span> <span class='ocrx_word' id='word_1_96' title='bbox 775 1854 798 1904; x_wconf 89' lang='grc' dir='ltr'>ἡ</span> <span class='ocrx_word' id='word_1_97' title='bbox 824 1856 1031 1895; x_wconf 85' lang='grc' dir='ltr'>θαλασσία</span> 
     </span>
     <span class='ocr_line' id='line_1_20' title="bbox 208 1919 1055 1976; baseline 0.002 -15"><span class='ocrx_word' id='word_1_98' title='bbox 208 1925 340 1972; x_wconf 83' lang='grc' dir='ltr'>Πηλεῖ</span> <span class='ocrx_word' id='word_1_99' title='bbox 362 1919 522 1976; x_wconf 78' lang='grc' dir='ltr'>ξυνῴκει</span> <span class='ocrx_word' id='word_1_100' title='bbox 545 1921 665 1973; x_wconf 85' lang='grc' dir='ltr'>χωρὶς</span> <span class='ocrx_word' id='word_1_101' title='bbox 691 1921 907 1972; x_wconf 84' lang='grc' dir='ltr'>ἀνθρώπων</span> <span class='ocrx_word' id='word_1_102' title='bbox 935 1921 1055 1963; x_wconf 77' lang='grc' dir='ltr'>Θέτις</span> 
     </span>
     <span class='ocr_line' id='line_1_21' title="bbox 210 1987 1111 2041; baseline 0.001 -13"><span class='ocrx_word' id='word_1_103' title='bbox 210 1988 398 2041; x_wconf 82' lang='grc' dir='ltr'>φεύγουσ’</span> <span class='ocrx_word' id='word_1_104' title='bbox 423 1989 576 2039; x_wconf 89' lang='grc' dir='ltr'>ὅμιλον·</span> <span class='ocrx_word' id='word_1_105' title='bbox 613 1987 834 2029; x_wconf 81' lang='grc' dir='ltr'>Θεσσαλὸς</span> <span class='ocrx_word' id='word_1_106' title='bbox 858 1987 900 2027; x_wconf 87' lang='grc' dir='ltr'>δέ</span> <span class='ocrx_word' id='word_1_107' title='bbox 925 2004 985 2027; x_wconf 86' lang='grc' dir='ltr'>νιν</span> <span class='ocrx_word' id='word_1_108' title='bbox 1010 1988 1111 2029; x_wconf 77' lang='grc' dir='ltr'>λεὼς</span> 
     </span>
     <span class='ocr_line' id='line_1_22' title="bbox 210 2053 1436 2110; baseline -0.001 -17"><span class='ocrx_word' id='word_1_109' title='bbox 210 2056 416 2096; x_wconf 79' lang='grc' dir='ltr'>Θετίδειον</span> <span class='ocrx_word' id='word_1_110' title='bbox 443 2055 540 2110; x_wconf 75' lang='grc' dir='ltr'>αὐδᾷ</span> <span class='ocrx_word' id='word_1_111' title='bbox 566 2057 654 2096; x_wconf 79' lang='grc' dir='ltr'>θεᾶς</span> <span class='ocrx_word' id='word_1_112' title='bbox 679 2054 796 2107; x_wconf 86' lang='grc' dir='ltr'>χάριν</span> <span class='ocrx_word' id='word_1_113' title='bbox 821 2053 1122 2106; x_wconf 83' lang='grc' dir='ltr'>νυμφευμάτων.</span> <span class='ocrx_word' id='word_1_114' title='bbox 1396 2067 1436 2088; x_wconf 87' lang='lat'>20</span> 
     </span>
     <span class='ocr_line' id='line_1_23' title="bbox 152 2141 1431 2181; baseline -0.002 -8"><span class='ocrx_word' id='word_1_115' title='bbox 152 2154 164 2173; x_wconf 92' lang='lat'>1</span> <span class='ocrx_word' id='word_1_116' title='bbox 191 2143 266 2174; x_wconf 83' lang='grc' dir='ltr'>πόλι</span> <span class='ocrx_word' id='word_1_117' title='bbox 285 2143 330 2173; x_wconf 80' lang='lat' dir='ltr'>L:</span> <span class='ocrx_word' id='word_1_118' title='bbox 356 2144 451 2175; x_wconf 80' lang='grc' dir='ltr'>πτόλι</span> <span class='ocrx_word' id='word_1_119' title='bbox 470 2144 501 2174; x_wconf 91' lang='grc' dir='ltr'><strong>Μ</strong></span> <span class='ocrx_word' id='word_1_120' title='bbox 514 2143 584 2174; x_wconf 83' lang='grc' dir='ltr'>ΑΒ</span> <span class='ocrx_word' id='word_1_121' title='bbox 600 2156 606 2174; x_wconf 90' lang='lat'>:</span> <span class='ocrx_word' id='word_1_122' title='bbox 631 2144 724 2176; x_wconf 84' lang='grc' dir='ltr'>πόλις</span> <span class='ocrx_word' id='word_1_123' title='bbox 741 2144 807 2173; x_wconf 88' lang='lat' dir='ltr'>VP</span> <span class='ocrx_word' id='word_1_124' title='bbox 927 2145 948 2173; x_wconf 88' lang='grc'>6</span> <span class='ocrx_word' id='word_1_125' title='bbox 972 2145 1058 2174; x_wconf 77' lang='grc' dir='ltr'>οὔτις</span> <span class='ocrx_word' id='word_1_126' title='bbox 1076 2142 1104 2171; x_wconf 93' lang='lat' dir='ltr'>V</span> <span class='ocrx_word' id='word_1_127' title='bbox 1123 2146 1222 2181; x_wconf 66' lang='lat' dir='ltr'>(corr.</span> <span class='ocrx_word' id='word_1_128' title='bbox 1243 2141 1298 2179; x_wconf 63' lang='grc' dir='ltr'>Ψ)</span> <span class='ocrx_word' id='word_1_129' title='bbox 1319 2141 1431 2171; x_wconf 85' lang='lat' dir='ltr'>Haun.</span> 
     </span>
    </p>
   </div>
   <div class='ocr_carea' id='block_1_3' title="bbox 105 2185 1435 2357">
    <p class='ocr_par' dir='ltr' id='par_1_3' title="bbox 105 2185 1435 2357">
     <span class='ocr_line' id='line_1_24' title="bbox 106 2185 1433 2229; baseline -0.001 -13"><span class='ocrx_word' id='word_1_130' title='bbox 106 2187 126 2217; x_wconf 88' lang='lat' dir='ltr'>l.</span> <span class='ocrx_word' id='word_1_131' title='bbox 174 2186 224 2216; x_wconf 82' lang='lat' dir='ltr'>Cf.</span> <span class='ocrx_word' id='word_1_132' title='bbox 243 2196 289 2224; x_wconf 82' lang='lat' dir='ltr'>sq.</span> <span class='ocrx_word' id='word_1_133' title='bbox 446 2197 463 2226; x_wconf 91' lang='lat'>7</span> <span class='ocrx_word' id='word_1_134' title='bbox 488 2198 551 2218; x_wconf 85' lang='lat' dir='ltr'>om.</span> <span class='ocrx_word' id='word_1_135' title='bbox 572 2192 599 2219; x_wconf 87' lang='grc' dir='ltr'>Π</span> <span class='ocrx_word' id='word_1_136' title='bbox 616 2199 622 2218; x_wconf 88' lang='lat'>:</span> <span class='ocrx_word' id='word_1_137' title='bbox 646 2189 675 2219; x_wconf 78' lang='grc' dir='ltr'>οἱ</span> <span class='ocrx_word' id='word_1_138' title='bbox 692 2188 854 2229; x_wconf 79' lang='grc' dir='ltr'>ὑποκριταὶ</span> <span class='ocrx_word' id='word_1_139' title='bbox 874 2188 930 2218; x_wconf 83' lang='grc' dir='ltr'>τὸν</span> <span class='ocrx_word' id='word_1_140' title='bbox 950 2189 1066 2225; x_wconf 71' lang='grc' dir='ltr'>ἴαμβον</span> <span class='ocrx_word' id='word_1_141' title='bbox 1084 2185 1284 2227; x_wconf 83' lang='grc' dir='ltr'>προσέθηκαν</span> <span class='ocrx_word' id='word_1_142' title='bbox 1302 2185 1433 2222; x_wconf 82' lang='grc' dir='ltr'>ὑπονοή-</span> 
     </span>
     <span class='ocr_line' id='line_1_25' title="bbox 107 2229 1435 2271; baseline -0.002 -9"><span class='ocrx_word' id='word_1_143' title='bbox 107 2243 221 2262; x_wconf 81' lang='grc' dir='ltr'>σαντες</span> <span class='ocrx_word' id='word_1_144' title='bbox 245 2230 321 2261; x_wconf 59' lang='lat' dir='ltr'>sivan</span> <span class='ocrx_word' id='word_1_145' title='bbox 344 2230 403 2267; x_wconf 76' lang='grc' dir='ltr'>τὴν</span> <span class='ocrx_word' id='word_1_146' title='bbox 424 2232 552 2271; x_wconf 72' lang='grc' dir='ltr'>’γραφὴν</span> <span class='ocrx_word' id='word_1_147' title='bbox 574 2232 612 2268; x_wconf 84' lang='grc' dir='ltr'>δὴ</span> <span class='ocrx_word' id='word_1_148' title='bbox 634 2231 682 2262; x_wconf 81' lang='grc' dir='ltr'>τίς</span> <span class='ocrx_word' id='word_1_149' title='bbox 700 2254 706 2261; x_wconf 94' lang='grc'><strong>.</strong></span> <span class='ocrx_word' id='word_1_150' title='bbox 728 2255 734 2262; x_wconf 93' lang='grc'><em>.</em></span> <span class='ocrx_word' id='word_1_151' title='bbox 758 2255 764 2261; x_wconf 93' lang='grc'>.</span> <span class='ocrx_word' id='word_1_152' title='bbox 783 2232 832 2262; x_wconf 81' lang='grc' dir='ltr'>καὶ</span> <span class='ocrx_word' id='word_1_153' title='bbox 857 2232 926 2261; x_wconf 80' lang='grc' dir='ltr'>ἀντὶ</span> <span class='ocrx_word' id='word_1_154' title='bbox 951 2233 1009 2261; x_wconf 84' lang='grc' dir='ltr'>τοῦ</span> <span class='ocrx_word' id='word_1_155' title='bbox 1033 2231 1238 2270; x_wconf 75' lang='grc' dir='ltr'>συγκριτικοῦ</span> <span class='ocrx_word' id='word_1_156' title='bbox 1260 2229 1297 2259; x_wconf 86' lang='grc' dir='ltr'>τὸ</span> <span class='ocrx_word' id='word_1_157' title='bbox 1321 2231 1435 2259; x_wconf 89' lang='grc' dir='ltr'>δυστυ-</span> 
     </span>
     <span class='ocr_line' id='line_1_26' title="bbox 105 2271 1433 2314; baseline -0.002 -10"><span class='ocrx_word' id='word_1_158' title='bbox 105 2272 254 2313; x_wconf 76' lang='grc' dir='ltr'>χεστάτη</span> <span class='ocrx_word' id='word_1_159' title='bbox 272 2277 295 2305; x_wconf 88' lang='grc' dir='ltr'>Σ</span> <span class='ocrx_word' id='word_1_160' title='bbox 419 2284 440 2312; x_wconf 89' lang='grc'>9</span> <span class='ocrx_word' id='word_1_161' title='bbox 465 2276 588 2305; x_wconf 81' lang='grc' dir='ltr'>ἐπεῖδον</span> <span class='ocrx_word' id='word_1_162' title='bbox 608 2274 719 2303; x_wconf 81' lang='lat' dir='ltr'>Naber</span> <span class='ocrx_word' id='word_1_163' title='bbox 809 2274 853 2314; x_wconf 76' lang='grc' dir='ltr'>θ’]</span> <span class='ocrx_word' id='word_1_164' title='bbox 873 2275 899 2305; x_wconf 86' lang='grc' dir='ltr'>δ’</span> <span class='ocrx_word' id='word_1_165' title='bbox 918 2273 989 2302; x_wconf 87' lang='lat' dir='ltr'>AV</span> <span class='ocrx_word' id='word_1_166' title='bbox 1115 2282 1154 2302; x_wconf 88' lang='lat'>10</span> <span class='ocrx_word' id='word_1_167' title='bbox 1177 2271 1330 2313; x_wconf 82' lang='grc' dir='ltr'>ῥιφθέντα</span> <span class='ocrx_word' id='word_1_168' title='bbox 1349 2271 1374 2301; x_wconf 90' lang='lat' dir='ltr'><strong>L</strong></span> <span class='ocrx_word' id='word_1_169' title='bbox 1387 2271 1433 2301; x_wconf 86' lang='lat' dir='ltr'>P:</span> 
     </span>
     <span class='ocr_line' id='line_1_27' title="bbox 105 2316 1218 2357; baseline 0 -10"><span class='ocrx_word' id='word_1_170' title='bbox 105 2317 239 2357; x_wconf 78' lang='grc' dir='ltr'>ῥιφέντα</span> <span class='ocrx_word' id='word_1_171' title='bbox 257 2316 326 2346; x_wconf 79' lang='lat' dir='ltr'>rell.</span> <span class='ocrx_word' id='word_1_172' title='bbox 348 2322 374 2346; x_wconf 85' lang='grc' dir='ltr'>Π</span> <span class='ocrx_word' id='word_1_173' title='bbox 509 2327 545 2356; x_wconf 91' lang='lat'>17</span> <span class='ocrx_word' id='word_1_174' title='bbox 573 2317 702 2347; x_wconf 84' lang='lat' dir='ltr'>initium</span> <span class='ocrx_word' id='word_1_175' title='bbox 723 2318 906 2357; x_wconf 73' lang='lat' dir='ltr'>diversum,</span> <span class='ocrx_word' id='word_1_176' title='bbox 926 2322 959 2346; x_wconf 85' lang='lat' dir='ltr'>ut</span> <span class='ocrx_word' id='word_1_177' title='bbox 979 2317 1120 2354; x_wconf 77' lang='lat' dir='ltr'>videtur,</span> <span class='ocrx_word' id='word_1_178' title='bbox 1140 2317 1171 2345; x_wconf 85' lang='lat' dir='ltr'>in</span> <span class='ocrx_word' id='word_1_179' title='bbox 1192 2321 1218 2347; x_wconf 86' lang='grc' dir='ltr'>Π</span> 
     </span>
    </p>
   </div>
  </div>
 </body>
</html>
