1651 2780
639 95 986 133 ΕΥΡΙΠΙΔΟΥ

150 199 220 248 Αγ.
249 196 362 236 ἔσται
387 196 470 236 τάδ’
497 197 609 237 οὕτω·
650 197 711 237 καὶ
737 199 811 250 γὰρ
837 199 870 238 εἶ
894 200 966 249 μὲν
991 197 1038 249 ἦν
1063 204 1219 255 στρατῷ

247 266 382 308 πλοῦς,
411 263 478 303 οὐκ
504 263 551 303 ἂν
577 263 688 317 εἶχον
713 263 829 315 τήνδε
855 282 922 305 σοι
946 268 1078 306 δοῦναι
1104 266 1234 320 χάριν·

247 332 315 370 νῦν
340 329 385 376 δ’,
413 329 457 369 οὐ
484 332 558 382 γὰρ
584 330 665 381 ἵησ’
692 331 845 383 οὐρίους
870 334 994 375 πνοὰς
1020 334 1120 379 θεός,
1410 348 1477 379 900

245 395 377 446 μένειν
403 396 552 449 ἀνάγκη
580 402 706 438 πλοῦν
731 398 868 450 ὁρῶντ’
894 401 933 441 ἐς
958 399 1124 453 ἥσυχον.

247 462 403 515 γένοιτο
428 463 460 502 δ’
487 464 527 504 εὖ
553 482 647 507 πως·
687 468 786 505 πᾶσι
812 467 888 519 γὰρ
914 466 1044 507 κοινὸν
1068 468 1169 513 τόὸε,

247 531 325 583 ἰδίᾳ
351 529 384 570 θ’
411 530 564 586 ἑκάστῳ
593 532 655 572 καὶ
681 533 809 579 πόλει,
835 532 904 573 τὸν
927 535 1000 584 μὲν
1027 534 1144 575 κακὸν

249 597 365 637 κακόν
390 614 426 637 τι
454 597 640 652 πάσχειν,
668 598 736 639 τὸν
762 602 804 640 δὲ
829 599 1007 653 χρηστὸν
1033 600 1224 655 εὐτυχεῖν.

146 694 216 732 Χο.
381 693 430 733 σὺ
453 692 539 744 μέν,
568 692 597 733 ὦ
624 695 763 746 πατρὶς
789 694 924 741 Ἰλιάς,
1324 693 1427 749 [στρ.
1455 713 1479 736 α

247 762 323 799 τῶν
350 759 581 812 ἀπορθήτων
609 762 725 803 πόλις
751 761 881 803 οὐκέτι
907 761 1017 819 λέξῃ·
1414 768 1478 808 906

247 829 356 867 τοῖον
380 825 590 868 Ἑλλάνων
617 827 738 879 νέφος
765 829 870 881 ἀμφί
893 847 940 870 σε
968 831 1125 882 κρύπτει

446 894 530 945 δορὶ
555 894 599 944 δὴ
628 896 711 946 δορὶ
737 895 900 947 πέρσαν.

381 960 458 1001 ἀπὸ
483 962 524 1001 δὲ
552 961 761 1014 στεφάναν
787 961 922 1014 κέκαρ-
1414 977 1477 1008 910

381 1044 449 1067 σαι
475 1028 646 1080 πύργων,
677 1031 772 1068 κατὰ
798 1028 830 1068 δ’
855 1028 1021 1069 αἰθάλου

382 1094 505 1144 κηλῖὸ’
531 1095 787 1146 οἰκτροτάταν
813 1094 959 1150 κέχρω-

516 1178 597 1202 σαι·
635 1161 801 1208 τάλαιν’,

448 1227 577 1268 οὐκέτι
602 1228 640 1267 σ’
667 1229 914 1280 ἐμβατεύσω.

379 1329 636 1379 μεσονύκτιος
662 1329 863 1381 ὠλλύμαν,
1329 1327 1430 1383 [ἀντ.
1455 1347 1480 1371 α

246 1392 342 1445 ἦμος
367 1396 408 1434 ἐκ
434 1396 603 1436 δείπνων
628 1397 749 1439 ὕπνος
774 1397 867 1447 ἡδὺς
894 1396 953 1437 ἐπ’
980 1398 1120 1439 ὄσσοις
1414 1411 1476 1443 915

247 1461 464 1508 σκίδναται,
489 1466 649 1514 μολπᾶν
674 1463 707 1503 δ’
733 1463 809 1505 ἄπο
835 1464 897 1504 καὶ
922 1468 1144 1518 χοροποιῶν

447 1531 589 1571 θυσιᾶν
616 1531 841 1573 καταλύσας

380 1596 495 1638 πόσις
522 1598 563 1637 ἐν
591 1597 782 1649 θαλάμοις
809 1598 907 1639 ἔκει-

379 1679 436 1708 το,
464 1663 609 1713 ξυστὸν
635 1663 666 1703 δ’
693 1665 757 1704 ἐπὶ
782 1663 994 1720 πασσάλῳ,
1411 1677 1476 1710 920

380 1729 524 1770 ναύταν
550 1730 677 1771 οὐκέθ’
703 1732 803 1783 ὁρῶν
828 1732 912 1782 ὅμι-

511 1802 585 1837 λον
609 1799 757 1848 Τροίαν

447 1863 583 1904 Ἰλιάδ’
609 1865 837 1916 ἐμβεβῶτα.

188 1965 253 1994 900
278 1955 381 1997 οὐρίας
399 1955 430 1985 Μ
446 1956 472 1986 L
488 1957 513 1986 P
624 1967 687 1996 901
716 1957 826 1999 ὁρῶντ’
846 1959 876 1989 ἐς
894 1957 1014 1996 scripsi
1034 1957 1088 1995 (cs.
1110 1957 1193 1996 frag.
1215 1958 1287 1999 162]
1307 1969 1313 1988 :
1339 1959 1477 1997 ὁρῶντας

145 1999 241 2029 codd.
339 2009 402 2037 907
428 2003 516 2032 τοῖον
532 2000 573 2037 O,
595 2006 631 2031 ut
647 2001 712 2031 vid.
734 2013 740 2031 :
765 2003 852 2033 τοῖον
869 1999 895 2033 δ’
910 2001 963 2031 vel
982 2001 1099 2033 τοιόνδ’
1114 2002 1210 2032 codd.
1312 2011 1378 2040 909
1402 2001 1476 2042 δόρυ

145 2043 183 2081 δὴ
198 2042 271 2083 δόρυ
281 2042 373 2072 Weil
464 2044 502 2082 δὴ
517 2054 580 2074 οηι.
597 2044 627 2074 A
640 2044 666 2074 L
680 2044 717 2082 P,
732 2044 832 2075 add.l
941 2054 1004 2083 910
1028 2044 1078 2085 δὲ]
1093 2058 1133 2085 ’γε
1149 2045 1175 2074 L
1265 2044 1436 2085 στεφάνων
1450 2043 1476 2074 Ρ

144 2095 205 2124 911
233 2085 366 2117 αἷθάλου
383 2089 503 2118 καπνοῦ
521 2088 617 2117 codd.
637 2088 695 2128 (de
712 2092 736 2121 Σ
754 2098 821 2118 non
839 2087 956 2126 liquet*
976 2098 982 2117 t
1016 2098 1099 2118 corr.
1119 2087 1300 2118 Triclinius
1316 2098 1322 2117 :
1356 2087 1476 2126 αἰθάλῳ

147 2129 326 2168 Byzantini
441 2140 505 2169 912
531 2131 726 2172 οἰκτρότατα
744 2131 784 2161 13²
799 2131 825 2160 P
938 2141 1000 2169 914
1027 2131 1148 2170 ὀλόμαν
1167 2131 1192 2161 L
1309 2139 1372 2169 915
1398 2133 1433 2162 ἐκ
1451 2130 1477 2160 Ρ

146 2177 179 2202 et
197 2177 274 2211 post
292 2183 428 2204 rasuras
447 2173 479 2203 M
494 2173 520 2203 B
539 2186 546 2204 z
571 2175 597 2206 δ’
617 2177 652 2206 ἐκ
669 2175 699 2204 Α
713 2174 739 2204 L
880 2176 944 2213 916
969 2175 1112 2206 κίδναται
1128 2174 1152 2204 Ρ
1293 2184 1357 2212 917
1382 2187 1475 2215 χορο·

145 2219 243 2247 ποιῶν
262 2216 292 2246 Μ
306 2217 336 2246 Α
350 2217 377 2246 Β
397 2229 403 2246 z
427 2221 611 2259 χαροποιῶν
628 2217 654 2247 L
667 2217 692 2246 P
708 2229 714 2247 2
739 2218 913 2258 χαροποιὺν
932 2217 977 2246 Μ2
992 2217 1031 2247 13²
1051 2218 1194 2257 (μολπὰν
1211 2217 1242 2247 Μ
1261 2217 1316 2248 13²5
1335 2218 1476 2257 (μολπᾶν

146 2261 172 2290 δ’
196 2259 258 2291 ὅπα
275 2259 471 2299 Wecklein)
641 2261 706 2299 918
737 2263 848 2292 θυσιᾶν
863 2260 967 2290 A³lP
986 2261 1057 2298 ζ-ῶν
1075 2260 1114 2300 P)
1133 2272 1139 2290 :
1171 2261 1281 2292 θυσίαν
1303 2260 1335 2290 Μ
1348 2260 1378 2290 Α
1395 2259 1422 2289 Β
1436 2260 1474 2290 L·

146 2307 170 2336 Σ
194 2308 228 2333 et
259 2304 388 2341 μολπὰν
404 2328 410 2334 .
445 2329 451 2335 .
480 2327 487 2335 .
518 2304 629 2335 θυσίαν
653 2308 686 2333 et
710 2306 838 2342 μολπᾶν
867 2327 873 2333 .
904 2327 909 2332 .
939 2328 944 2333 .
971 2306 1082 2335 θυσιᾶν
1106 2303 1253 2343 explicat
1379 2316 1475 2334 κατα·

146 2347 248 2378 λύσας
273 2348 416 2386 scripsi:
448 2347 655 2379 καταπαύσας
681 2348 776 2377 codd.
804 2351 837 2375 et
866 2351 888 2378 Σ
1044 2357 1107 2385 922
1140 2349 1334 2386 ἐμβεβαῶτα
1356 2346 1474 2377 codd.:

147 2400 233 2420 corr.
250 2390 430 2421 Triclinius
