1651 2780
598 134 946 172 ΕΎΡΙΠΙΔΟΎ

202 239 327 279 καίτοι
354 238 475 279 καλόν
501 238 537 290 γ’
563 236 610 278 ἂν
638 237 741 277 τόνδ’
768 236 886 289 ἀγῶν’
912 236 1111 288 ἠγωνίσω,

200 309 267 345 τοῦ
292 308 365 345 σοῦ
389 304 464 357 πρὸ
489 303 628 346 παιδὸς
657 304 873 349 κατθανών,
900 303 1056 356 βραχὺς
1082 302 1125 343 δέ
1148 319 1213 342 σοι

200 371 356 413 πάντως
381 372 402 411 ὁ
425 371 565 413 λοιπὸς
593 370 641 421 ἦν
666 371 864 421 βιώσιμος
888 371 1045 423 χρόνος.
1365 373 1431 413 650

201 435 321 491 [κάγώ
346 438 381 478 τ’
406 438 454 479 ἂν
479 438 576 488 ἔζων
604 438 704 491 χῆδε
729 437 797 478 τὸν
821 437 963 477 λοιπὸν
987 437 1145 489 χρόνον,

202 505 292 546 κούκ
316 505 364 546 ἂν
387 505 577 556 μονωθεὶς
605 504 769 545 ἔστενον
795 508 926 544 κακοῖς
952 502 1086 555 ε’μοΐς.]

201 572 263 612 καὶ
285 572 362 623 μὴν
387 571 451 611 ὅσ’
477 571 600 624 ἄνδρα
626 571 702 624 χρὴ
728 573 866 611 παθεῖν
892 571 1101 621 εὐδαίμονα

199 639 411 682 πέπονθας·
449 639 610 690 ἥβησας
637 640 708 689 μὲν
734 639 776 678 ἐν
799 638 1009 689 τυραννίδι,

199 709 290 748 παῖς
315 705 347 746 δ’
373 705 420 757 ἦν
447 706 523 759 ἐγώ
551 723 617 746 σοι
642 708 764 746 τῶνδε
790 704 972 758 διάδοχος
997 705 1141 755 δόμων,
1367 707 1430 748 655

198 773 295 814 ὥστ’
321 772 388 814 οὐκ
412 772 575 815 ἄτεκνος
603 772 805 813 κατθανὼν
830 771 969 814 ἄλλοις
994 772 1115 823 δόμον

198 841 358 893 λείψειν
383 840 551 891 ἔμελλες
577 838 755 892 ὀρφανὸν
780 838 1008 891 διαρπάσαι.

198 907 243 948 οὐ
265 907 343 958 μὴν
368 909 469 960 ἐρεῖς
493 907 539 960 γέ
564 906 603 958 μ’
630 907 680 949 ὡς
705 906 941 957 ἀτιμάζοντα
966 906 1040 947 σὸν

198 977 322 1027 γῆρας
347 977 480 1016 θανεῖν
506 974 747 1026 προύδωκας,
775 974 886 1015 ὅστις
911 974 1111 1026 αἰδόφρων

199 1041 294 1093 πρὸς
320 1040 358 1080 σ’
383 1041 407 1092 ἦ
430 1041 620 1092 μάλιστα·
662 1040 769 1081 κάντὶ
794 1040 917 1081 τῶνδέ
940 1057 1007 1091 μοι
1031 1039 1149 1093 χάριν
1367 1043 1430 1075 660

197 1108 352 1149 τοιάνδε
378 1109 439 1149 καὶ
465 1108 515 1149 σὺ
541 1108 593 1161 χὴ
619 1106 770 1148 τεκοῦσ’
794 1105 1037 1158 ἠλλαξάτην.

198 1177 335 1228 τοιγὰρ
362 1174 542 1227 φυτεύων
567 1178 709 1217 παῖδας
734 1173 858 1215 οὐκέτ’
885 1173 933 1214 ἂν
959 1173 1139 1226 φθάνοις,

198 1243 234 1284 οἳ
258 1241 613 1295 γηροβοσκήσουσι
639 1243 702 1283 καὶ
727 1242 898 1282 θανόντα
924 1258 971 1282 σε

197 1314 479 1362 περιστελοῦσι
505 1310 568 1350 καὶ
593 1308 861 1361 προθήσονται
886 1309 1035 1361 νεκρόν.

196 1377 242 1418 οὗ
266 1376 341 1429 γάρ
366 1376 405 1416 σ’
430 1377 556 1429 ἔγωγε
583 1376 665 1433 τῇδ’
693 1376 764 1431 ε’μῇ
790 1375 908 1428 θάψω
934 1375 1035 1429 χερί·
1366 1376 1428 1416 665

197 1443 365 1494 τέθνηκα
389 1446 465 1496 γὰρ
489 1443 534 1494 δὴ
561 1443 676 1483 τούπὶ
700 1442 760 1483 σέ·
792 1443 824 1483 εἰ
850 1441 882 1482 δ’
908 1442 1034 1482 ἄλλου
1058 1440 1190 1494 τυχὼν

198 1513 375 1562 σωτῆρος
400 1510 522 1563 αὐγὰς
549 1511 704 1562 εἰσορῶ,
733 1510 861 1550 κείνου
885 1508 991 1561 λέγω

199 1578 261 1619 καὶ
285 1577 405 1618 παῖδά
428 1577 466 1628 μ’
493 1576 594 1618 εἶναι
620 1577 682 1616 καὶ
708 1577 830 1628 φίλον
855 1576 1118 1628 γηροτρόφον.

196 1645 324 1696 μάτην
348 1643 407 1697 ἄρ’
434 1646 469 1685 οἱ
495 1643 678 1696 γέροντες
705 1643 888 1696 εὔχονται
913 1645 1057 1688 θανεῖν,

196 1714 320 1764 γῆρας
343 1710 541 1764 ψέγοντες
567 1711 629 1751 καὶ
653 1709 801 1761 μακρὸν
827 1710 972 1762 χρόνον
997 1709 1102 1760 βίου·
1363 1711 1430 1750 670

197 1775 246 1828 ἢν
271 1778 303 1819 δ’
329 1778 446 1831 ἐγγὺς
471 1778 568 1834 ἔλθῃ
595 1776 774 1822 θάνατος,
802 1776 926 1818 οὐδεὶς
950 1776 1142 1827 βούλεται

197 1846 396 1901 θνῄσκειν,
423 1845 468 1885 τὸ
492 1846 614 1897 γῆρας
639 1843 671 1884 δ’
697 1842 821 1883 οὐκέτ’
847 1843 931 1883 ἔστ’
958 1842 1088 1884 αὐτοῖς
1113 1840 1230 1894 βαρύ.

98 1915 170 1953 Χο.
197 1911 411 1954 παύσασθ’·
449 1910 538 1954 ἅλις
563 1912 639 1963 γὰρ
664 1911 686 1962 ἡ
714 1913 893 1962 παροῦσα
919 1908 1119 1962 συμφορά·

198 1976 228 2018 ὦ
255 1982 337 2025 παῖ,
367 1977 512 2030 πατρὸς
536 1980 577 2018 δὲ
602 1977 654 2029 μὴ
681 1976 904 2032 παροξύνῃς
931 1974 1089 2027 φρένας.

140 2073 213 2111 651,
233 2073 297 2111 652
325 2072 460 2102 damnat
479 2071 634 2108 Lenting.
690 2068 739 2100 Cf.
760 2079 834 2109 295,
853 2069 918 2107 296
1084 2066 1158 2107 ἔζην
1177 2067 1203 2098 Β
1219 2067 1249 2098 O
1263 2067 1293 2097 D
1312 2072 1344 2098 et
1362 2066 1425 2101 ΣΒ

95 2117 159 2155 655
197 2115 237 2153 ἣν
269 2114 348 2156 ἐγώ]
381 2114 401 2153 ἧ
431 2115 539 2156 ’γεγώς
573 2112 692 2144 Nauck
879 2114 954 2151 655,
982 2112 1047 2151 656
1082 2111 1199 2152 θρόνων
1230 2121 1291 2150 pro
1322 2110 1427 2150 δόμων

98 2159 272 2190 Schmidt:
297 2158 416 2189 melius
442 2157 586 2189 fortasse
611 2155 715 2197 λάχος
739 2166 799 2196 pro
824 2155 921 2195 δόμον
1053 2156 1115 2193 657
1141 2154 1310 2196 διαρπάσαι
1337 2154 1363 2184 L
1379 2153 1426 2184 P:

96 2203 282 2244 διαρπάσειν
306 2203 336 2232 V
351 2202 404 2232 Β]
568 2201 643 2239 658,
668 2201 733 2239 659
765 2198 961 2239 ἀτιμάζοντα
984 2223 990 2229 .
1020 2223 1026 2230 .
1054 2223 1061 2229 .
1089 2201 1271 2240 προῦδωκας
1298 2198 1322 2228 L
1340 2197 1426 2231 PE:

97 2245 255 2285 ἀτιμάζων
272 2247 310 2277 τὸ
329 2269 335 2276 .
355 2269 362 2277 .
384 2269 390 2276 .
409 2244 576 2285 προῦδωκά
591 2244 664 2275 ‹r’V
678 2243 706 2273 B
805 2244 870 2274 660
893 2242 929 2283 ἧ]
943 2242 983 2280 ἣν
999 2243 1096 2273 codd.
1198 2243 1262 2281 665
1287 2244 1365 2283 τῇδε
1381 2242 1426 2281 μὴ

95 2289 187 2319 Weil
277 2289 387 2329 θάλψω
400 2289 430 2319 V
561 2287 713 2318 666-668
737 2286 875 2317 seclusit
890 2286 1041 2317 Badham
1171 2287 1235 2324 672
1260 2283 1425 2327 θνῄσκειν]

95 2335 200 2364 θανεῖν
214 2332 241 2362 Β
331 2333 394 2371 674
419 2332 441 2363 ὦ
459 2334 518 2363 παῖ
532 2335 567 2362 ut
584 2341 603 2362 e
616 2341 645 2361 v.
666 2336 830 2370 sequente
847 2331 912 2361 huc
930 2335 1109 2362 retractum
1124 2330 1261 2361 damnat
1276 2327 1425 2367 Elmsley

95 2376 209 2418 φρένας
227 2376 257 2407 V
271 2375 297 2405 B
315 2386 321 2405 ε
345 2374 445 2417 φρένα
463 2374 489 2404 L
504 2374 530 2405 P
