1683 2732
669 90 918 127 ΜΗΔΕΙΑ

235 190 294 232 τίς
317 192 392 242 γῆν
415 189 566 230 ἄσυλον
593 190 654 231 καὶ
680 191 818 242 δόμους
841 192 1055 244 ἐχεγγύους

241 255 353 307 ξένος
377 257 598 310 παρασχὼν
621 257 783 308 ῥύσεται
806 257 948 308 τούμὸν
973 258 1091 309 δέμας
1099 276 1112 305 ;

237 322 305 362 οὐκ
330 323 429 364 ἔστι.
489 322 646 374 μείνασ’
671 323 739 364 οῧν
765 324 821 364 ἔτι
847 324 1012 377 σμικρὸν
1037 326 1194 378 χρόνον,

237 385 286 439 ἢν
309 388 383 441 μέν
407 406 465 431 τις
489 389 580 440 ἡμῖν
606 390 752 442 πύργος
778 390 966 442 ἀσφαλὴς
991 397 1111 448 φανῇ,
1403 406 1464 437 390

237 456 340 510 δόλῳ
366 455 518 507 μέτειμι
541 456 655 497 τόνδε
681 457 744 497 καὶ
769 458 862 513 σιγῇ
889 458 1028 510 φόνον·

237 518 285 571 ἢν
309 521 343 563 δ’
369 521 558 578 ἐξελαύνῃ
584 521 766 575 ξυμφορά
789 523 828 574 μ’
854 522 1067 577 ἀμήχανος,

237 588 332 640 αὐτὴ
359 588 474 641 ξίφος
499 592 700 640 λαβοῦσα,
728 591 785 630 κεί
808 589 943 640 μέλλω
969 593 1114 636 θανεῖν,

229 651 358 696 ’κτενῶ
385 661 479 708 σφε,
507 656 656 706 τόλμης
679 655 712 695 δ’
738 656 817 707 εἶμι
840 656 935 708 πρὸς
960 656 1004 697 τὸ
1031 658 1230 710 καρτερόν.

234 722 278 762 οὐ
304 724 378 774 γὰρ
401 723 455 773 μὰ
480 721 550 772 τὴν
575 721 789 763 δέσποιναν
812 721 860 772 ἢν
886 723 963 775 ἐγὼ
989 723 1101 775 σέβω
1403 736 1462 768 395

236 788 413 839 μάλιστα
436 787 595 830 πάντων
621 788 683 829 καὶ
708 787 893 841 ξυνεργὸν
919 789 1096 841 εἱλόμην,

236 854 418 906 Ἑκάτην,
445 858 585 908 μυχοῖς
610 856 800 896 ναίουσαν
825 857 960 897 ἑστίας
986 857 1093 907 ἐμῆς,

238 923 387 974 χαίρων
412 938 469 963 τις
494 921 621 962 αὐτῶν
645 921 789 973 τούμὸν
813 923 979 974 ἀλγυνεῖ
1004 922 1106 974 κέαρ.

238 988 396 1040 πικροὺς
422 988 454 1029 δ’
480 988 557 1041 ἐγώ
584 994 684 1041 σφιν
710 990 772 1029 καὶ
797 988 965 1041 λυγροὺς
991 988 1100 1039 θήσω
1125 988 1284 1041 γάμους,

239 1055 375 1107 πικρὸν
399 1057 441 1095 δὲ
467 1057 581 1105 κῆδος
608 1056 669 1095 καὶ
695 1057 825 1107 φυγὰς
850 1056 945 1106 ἐμὰς
969 1056 1124 1108 χθονός.
1398 1069 1466 1100 400

239 1121 328 1161 ἀλλ’
355 1121 426 1161 εἶα·
465 1122 602 1173 φείδου
626 1123 746 1173 μηδὲν
771 1122 825 1162 ῶν
851 1122 1078 1168 ἐπίστασαι,

241 1186 407 1238 Μήδεια,
434 1188 686 1238 βουλεύουσα
713 1188 773 1228 καὶ
799 1187 1039 1241 τεχνωμένη·

238 1253 323 1306 ἕρπ’
348 1255 388 1297 ἐς
413 1254 456 1294 τὸ
481 1255 621 1295 δεινόν·
660 1257 727 1294 νῦν
752 1255 859 1306 ἀγὼν
885 1255 1091 1308 εὐψυχίας.

240 1321 330 1375 ὁρᾷς
355 1321 379 1360 ἃ
403 1320 584 1374 πάσχεις·
624 1321 667 1360 οὐ
694 1319 850 1372 γέλωτα
873 1324 933 1361 δεῖ
957 1321 995 1360 σ’
1021 1323 1164 1374 ὀφλεῖν

238 1390 319 1429 τοῖς
345 1388 575 1439 Σισυφείοις
600 1391 680 1429 τοῖς
704 1386 738 1427 τ’
764 1387 943 1430 Ἰάσονος
967 1388 1120 1440 γάμοις,
1400 1402 1463 1433 405

239 1457 422 1506 γεγῶσαν
447 1455 594 1495 ἐσθλοῦ
618 1453 765 1506 πατρὸς
788 1453 932 1495 (Ηλίου
957 1454 989 1495 τ’
1014 1455 1104 1496 ἄπο.

240 1521 454 1561 ἐπίστασαι
479 1520 533 1561 δέ·
571 1520 668 1573 πρὸς
693 1523 735 1561 δὲ
760 1522 822 1561 καὶ
846 1521 1076 1574 πεφύκαμεν

239 1590 430 1639 γυναῖκες,
458 1588 498 1629 ἐς
521 1589 593 1638 μὲν
618 1587 731 1628 ἔσθλ’
757 1588 1075 1641 ἀμηχανώταται,

240 1657 366 1695 κακῶν
391 1655 432 1694 δὲ
457 1653 614 1695 πάντων
638 1653 815 1697 τέκτονες
841 1655 1085 1708 σοφώταται.
1402 1668 1466 1699 409

140 1772 212 1811 Χο.
239 1769 319 1810 ἅνω
342 1773 527 1821 ποταμῶν
553 1771 667 1823 ἱερῶν
690 1773 866 1823 χωροῦσι
891 1771 1027 1822 παγαί,
1361 1773 1464 1830 [στρ.

239 1836 303 1876 καὶ
328 1837 415 1877 δίκα
440 1836 503 1876 καὶ
526 1835 655 1884 πάντα
679 1835 801 1877 πάλιν
827 1835 1053 1889 στρέφεται.

240 1901 406 1955 ἀνδράσι
429 1904 501 1954 μὲν
526 1903 656 1943 δόλιαι
679 1903 838 1953 βουλαί,
865 1905 963 1943 θεῶν
988 1902 1020 1943 δ’

241 1968 369 2009 οὐκέτι
392 1969 526 2011 πίστις
549 1968 682 2022 ἄραρε·

185 2070 248 2099 392
272 2060 439 2101 ἀμήχανον
454 2061 587 2091 Verrall
720 2061 870 2100 395—398
894 2060 944 2092 Cf.
966 2060 1105 2100 Eupolis
1124 2061 1219 2092 Dem.
1241 2071 1260 2092 2
1277 2061 1334 2100 (90
1351 2060 1463 2099 Kock)

142 2106 206 2143 396
228 2103 374 2142 μάλιστα
389 2104 518 2136 πάντων
535 2106 586 2136 καὶ
604 2106 755 2146 ξυνεργὸν
771 2114 838 2135 om.
854 2103 886 2133 A
990 2114 1053 2143 399
1071 2111 1129 2145 σφι
1145 2105 1177 2134 Α
1301 2115 1366 2143 400
1390 2106 1466 2144 ἐμὰς

143 2147 169 2177 L
183 2147 208 2177 P
220 2146 257 2177 b:
284 2149 360 2187 ἐμᾶς
376 2147 448 2177 AV
460 2147 487 2177 Β
622 2158 685 2187 4ο4
712 2147 761 2179 Cf.
778 2147 835 2179 Ar.
855 2147 939 2178 Nub.
956 2149 1020 2178 662
1142 2146 1194 2187 οὐ]
1212 2149 1262 2180 καὶ
1281 2147 1308 2178 L
1324 2147 1466 2178 sortasse

142 2194 233 2221 recte
337 2190 451 2230 ὀφλεῖν
468 2190 640 2230 Elmsley:
665 2191 781 2232 ὅφλειν
797 2191 892 2221 codd.
1044 2200 1108 2229 405
1132 2192 1229 2223 τοῖς-δ’
1248 2191 1464 2223 Herwerden

143 2234 207 2272 408
232 2232 331 2273 ἐσμὲν
347 2234 456 2273 codd.‚
477 2235 567 2273 quod
584 2239 641 2265 aut
659 2236 690 2267 ἐς
713 2233 772 2274 μὲν
795 2238 851 2265 aut
877 2233 975 2273 ἐσμὲν
999 2243 1075 2264 esse
1100 2234 1228 2273 possit:
1254 2234 1352 2274 ἐσμὲν
1369 2234 1462 2265 Stob.

144 2286 193 2316 73.
214 2286 256 2315 32
388 2287 454 2315 410
478 2277 580 2318 παγαί
596 2277 626 2307 V
639 2277 665 2307 B
682 2288 689 2307 t
721 2278 823 2318 πηγαί
840 2277 909 2308 rell.
931 2276 1018 2307 V¹13
1157 2288 1216 2316 411
1247 2278 1352 2310 πάντα
1367 2277 1466 2309 πάλιν

143 2319 274 2349 AVB:
300 2320 399 2351 πάλιν
414 2320 520 2352 πάντα
538 2320 562 2350 L
576 2320 601 2350 P
734 2331 796 2359 4¹4
822 2321 913 2361 ἅρηρε
932 2320 962 2350 Α
978 2321 1026 2350 L:
1051 2330 1135 2352 corr.
1154 2321 1194 2351 ΛΙ
1215 2321 1227 2350 Ι

232 2382 311 2404 EUR.
334 2382 356 2404 1.
1317 2376 1332 2407 7
