1683 2732
167 742 237 780 Αν.

157 1840 228 1879 Χο.

629 103 1023 141 ΑΝΔΡΟΜΑΧΗ

268 205 508 257 θυμούμενος
533 207 575 246 δὲ
600 203 775 254 τεύξεται
800 205 1064 255 θυμουμένων,

269 272 420 324 ἔργοισι
446 272 478 312 δ’
504 273 599 324 ἔργα
623 271 773 325 διάδοχ’
800 270 1075 323 ἀντιλήψεται.

267 338 358 380 τοὺς
384 339 479 380 σοὺς
504 341 544 380 δὲ
569 339 713 390 μύθους
735 339 879 392 ῥᾳδίως
903 339 980 390 ἐγὼ
1007 336 1129 391 φέρω·

268 406 360 445 σκιὰ
386 406 459 458 γὰρ
484 406 737 458 ἀντίστοιχος
762 405 813 447 ὣς
839 404 977 457 φωνὴν
1002 405 1119 458 ἔχεις,

267 472 467 519 ἀδύνατος,
496 471 609 514 οὐδὲν
632 471 737 512 ἄλλο
763 471 868 522 πλὴν
892 471 1028 524 λέγειν
1051 472 1186 523 μόνον.

238 569 245 578 .
268 539 379 590 ἡγοῦ,
407 538 546 580 τέκνον
570 556 648 590 μοι,
675 538 776 591 δεῦρ’
799 538 864 579 ὑπ’
891 537 1083 591 ἀγκάλαις
1110 539 1281 585 σταθείς,

268 605 319 646 σύ
343 605 388 652 τ’,
415 605 444 647 ὦ
470 605 649 646 τάλαινα·
687 607 874 658 χείματος
898 607 973 658 γὰρ
999 606 1136 658 ἀγρίου

266 676 442 725 τυχοῦσα
466 671 628 723 λιμένας
653 671 772 722 ἦλθες
797 674 852 714 εἰς
878 671 1099 723 εὐηνέμους.

265 737 293 778 ὦ
320 738 490 791 πρέσβυ,
519 740 605 780 θεοί
628 755 693 780 σοι
718 742 822 780 δοῖεν
847 739 889 780 εὖ
915 739 977 779 καὶ
1001 743 1107 780 τοῖσι
1133 743 1231 785 σοῖς,

267 803 445 861 σῴσαντι
470 809 589 847 παῖδα
616 806 711 857 κάμὲ
737 806 807 856 τὴν
833 806 1087 857 δυσδαίμονα.

266 873 337 924 ὅρα
362 874 403 913 δὲ
427 872 478 924 μὴ
506 877 582 928 νῷν
608 874 662 915 εἷς
687 874 850 925 ἐρημίαν
875 874 968 913 ὁδοῦ

266 938 482 990 πτήξαντες
508 940 587 981 οἵδε
614 939 709 991 πρὸς
733 941 830 990 βίαν
853 939 988 992 ἄγωσί
1007 957 1069 991 με,

265 1005 429 1058 γέροντα
453 1008 525 1057 μὲν
552 1005 589 1045 σ’
617 1007 794 1057 ὁρῶντες,
823 1007 972 1056 ἀσθενῆ
998 1006 1031 1045 δ’
1057 1006 1125 1057 ἐμὲ

267 1073 328 1113 καὶ
354 1075 474 1113 παῖδα
499 1073 612 1114 τόνδε
638 1071 791 1123 νήπιον·
831 1073 973 1113 σκόπει
997 1072 1103 1119 τάδε,

263 1139 315 1189 μὴ
342 1143 409 1180 νῦν
435 1140 630 1192 φυγόντες
657 1139 726 1180 εἶθ’
752 1141 910 1190 ἁλῶμεν
935 1141 1116 1192 ὕστερον.

234 1236 241 1246 .
264 1205 308 1245 οὐ
333 1205 386 1257 μὴ
412 1210 606 1258 γυναικῶν
632 1206 764 1247 δειλὸν
790 1207 979 1249 εἰσοίσεις
1004 1207 1142 1259 λόγον’

262 1273 395 1326 χώρει·
434 1274 491 1314 τίς
515 1274 622 1324 ὑμῶν
648 1272 814 1325 ἅψεται;
855 1274 1001 1314 κλαίων
1025 1272 1100 1325 ἄρα

261 1339 425 1391 ψαύσει.
500 1342 599 1380 θεῶν
625 1341 698 1392 γὰρ
724 1339 853 1393 οὕνεχ’
880 1342 1038 1381 ἱππικοῦ
1063 1340 1095 1380 τ’
1120 1342 1246 1393 ὄχλου

261 1410 426 1447 πολλῶν
451 1406 484 1445 θ’
512 1407 686 1447 ὁπλιτῶν
711 1406 885 1460 ἄρχομεν
911 1408 1040 1448 Φθίαν
1066 1407 1176 1447 κάτα·

260 1473 371 1524 ἡμεῖς
396 1472 428 1513 δ’
456 1472 510 1514 ἔτ’
537 1473 646 1525 ὀρθοὶ
672 1473 738 1514 κού
763 1473 958 1526 γέροντες,
988 1474 1038 1515 ὡς
1063 1477 1201 1520 δοκεῖς,

260 1539 351 1580 ἀλλ’
378 1541 433 1582 εἵς
459 1557 504 1592 γε
530 1540 673 1580 τοιόνδ’
699 1540 805 1593 ἄνδρ’
831 1541 1075 1593 ἀποβλέψας
1093 1542 1215 1592 μόνον

259 1611 446 1658 τροπαῖον
472 1607 589 1647 αὐτοῦ
615 1607 829 1659 στήσομαι,
856 1607 1036 1659 πρέσβυς
1062 1625 1134 1659 περ
1160 1608 1226 1648 ὤν.

258 1677 423 1714 πολλῶν
449 1672 548 1715 νέων
574 1676 648 1726 γὰρ
676 1674 747 1715 κᾶν
772 1674 899 1727 γέρων
923 1675 1100 1727 εὔψυχος
1122 1673 1146 1731 ᾖ

259 1740 472 1792 κρείσσων·
511 1741 550 1780 τί
572 1742 647 1792 γὰρ
674 1744 734 1782 δεῖ
757 1741 889 1782 δειλὸν
916 1740 996 1781 ὅντ’
1022 1741 1284 1793 εὐσωματεῖν,·

324 1836 346 1889 ἢ
372 1839 424 1890 μὴ
451 1840 638 1891 γενοίμαν
663 1836 686 1889 ἦ
713 1839 893 1892 πατέρων
918 1841 1077 1892 ἀγαθῶν

325 1908 408 1956 εἵην
434 1905 688 1956 πολυκτήτων
712 1923 754 1947 τε
780 1906 909 1957 δόμων
932 1906 1115 1960 μέτοχος.

358 1974 395 2014 εἴ
416 1990 453 2013 τι
478 1975 553 2025 γὰρ
579 1972 732 2026 πάσχοι
758 1990 816 2015 τις
841 1972 1059 2026 ἀμήχανον,
1088 1973 1212 2014 ἀλκᾶς

1427 418 1492 451 745

1430 752 1492 783 750

1427 1086 1489 1116 755

1429 1412 1491 1451 760

1424 1745 1485 1785 765

1379 1836 1469 1894 [στρ
1476 1871 1484 1881 .

1420 1986 1484 2017 770

200 2075 261 2105 745
287 2066 361 2098 σκιὰ
374 2070 398 2100 Σ
413 2070 446 2097 et
464 2065 532 2096 fere
551 2065 666 2096 codd.:
693 2067 768 2097 σκιᾶ
782 2064 814 2095 Μ
893 2067 969 2105 σκιᾷ
985 2078 1016 2105 -γ,
1035 2065 1061 2096 ἀ.
1080 2065 1121 2096 ὢν
1140 2063 1289 2095 Reiske:
1314 2067 1405 2096 σκιᾶς
1421 2066 1484 2107 γὰρ

155 2109 365 2150 ἀντίστοιχον
387 2110 428 2142 ὣς
449 2116 482 2150 φ.
510 2112 533 2141 ἐ.
559 2109 698 2140 Cramer
715 2108 848 2139 Anecd.
868 2108 900 2139 ii.
920 2109 994 2146 463,
1014 2107 1052 2138 ef.
1075 2108 1127 2138 Et.
1145 2107 1258 2147 Magn.
1280 2117 1312 2147 p.
1334 2117 1392 2146 114
1412 2108 1483 2149 (qui

153 2161 216 2182 om.
238 2153 293 2190 ὣς)
418 2162 478 2191 747
512 2153 657 2193 ἀγκάλης
681 2152 721 2182 V²
845 2161 905 2191 752
931 2154 985 2183 νῦν
1008 2151 1034 2181 Ρ
1158 2160 1218 2190 757
1244 2153 1292 2183 οὔ·
1308 2152 1351 2191 μὴ
1369 2152 1482 2189 codd„

153 2199 189 2225 ut
209 2195 274 2226 vid.
381 2198 496 2227 δειλῶν
511 2195 542 2225 V
555 2196 600 2227 P:
626 2205 709 2227 corr.
729 2195 769 2226 Vl
884 2206 945 2235 759
971 2197 1041 2227 θεοῦ
1059 2194 1085 2225 L
1101 2194 1127 2224 P
1241 2195 1299 2233 761
1327 2194 1361 2226 δὲ
1379 2195 1482 2237 κόρθοὶ

152 2242 185 2268 et
203 2240 243 2271 ὡς
261 2239 300 2270 σὺ
317 2238 347 2268 V
366 2237 410 2279 (τ’
427 2239 510 2280 ὀρθοὶ
526 2238 583 2279 V2)

152 2281 379 2323 πρεσβυτέρων
405 2281 438 2312 Μ
452 2281 479 2312 Β
495 2282 525 2313 Ο

752 2240 813 2278 763
839 2241 934 2271 αὐτὸς
956 2239 1045 2269 ‘siue
1059 2238 1233 2278 eqm'tz'bus'
1252 2237 1481 2270 Wilamowitz

671 2283 741 2321 764,
774 2283 835 2322 765
873 2282 1052 2322 suspecti:
1088 2282 1204 2313 habuit
1232 2282 1325 2313 Stob.
1354 2291 1406 2321 51.
1442 2292 1481 2322 13

154 2326 214 2363 764
240 2325 381 2366 ἔμψυχος
398 2325 429 2355 V
445 2336 451 2354 :
475 2338 524 2366 γρ.
547 2327 684 2366 εὔψυχος
701 2325 741 2355 V²
830 2325 867 2368 ᾗ]
885 2327 927 2358 ὢν
947 2325 1128 2356 Kirchhofs
1276 2327 1337 2365 765
1361 2325 1394 2357 τί
1410 2325 1480 2358 λύει

152 2367 290 2399 Brunck
426 2378 487 2408 770
510 2369 572 2410 γὰρ
590 2370 627 2401 ἂν
644 2369 740 2400 codd.
759 2378 765 2399 ε
791 2369 828 2400 ἂν
846 2368 910 2400 del.
935 2367 1083 2399 Dindorf
