1651 2780
659 102 1005 140 ΕΥΡΙΠΙΔΟΥ

270 204 323 245 Σὺ
348 204 418 255 τὴν
446 206 636 255 κακίστην
661 202 916 258 αἰχμάλωτον
943 208 983 247 ἐν
1010 207 1142 258 δόμοις

269 271 416 322 δούλην
440 270 560 328 ἀνέξῃ
586 271 651 312 σοὶ
675 271 819 326 λέχους
845 273 1117 324 κοινουμένην;

267 339 321 389 μὰ
346 338 417 389 τὴν
441 337 637 384 ἄνασσαν,
665 339 732 379 οὐκ
751 338 800 379 ἂν
825 339 867 380 ἕν
893 339 929 392 γ’
957 341 1064 391 ἐμοῖς
1087 341 1220 391 δόμοις

268 404 465 456 βλέπουσ’
490 405 538 445 ἂν
563 405 684 458 αὐγὰς
709 405 797 456 τᾶμ’
825 407 1027 458 ἐκαρποῦτ’
1052 407 1098 447 ἂν
1124 406 1240 460 λέχη.
1427 421 1491 453 935

333 472 440 524 κάγὼ
467 472 641 512 κλύουσα
665 472 809 512 τούσδε
834 472 1031 525 Σειρήνων
1054 474 1212 526 λόγους,

268 535 424 591 [σοφῶν
449 539 680 591 πανούργων
705 539 896 580 ποικίλων
921 538 1191 593 λαλημάτων,]

272 604 520 657 ἐξηνεμώθην
543 606 682 660 μωρίᾳ.
754 607 796 647 τί
816 604 891 658 γάρ
915 606 953 657 μ’
979 608 1100 660 ἐχρῆν

267 673 388 714 πόσιν
413 671 654 726 φυλάσσειν,
679 671 702 730 ᾗ
726 675 854 725 παρῆν
878 674 985 715 ὅσων
1011 675 1108 721 ἔδει;

268 740 391 782 πολὺς
415 741 488 791 μὲν
512 741 651 791 ὄλβος·
689 739 878 792 δωμάτων
903 740 936 780 δ’
965 739 1208 792 ἠνάσσομεν·
1426 754 1493 787 940

269 809 411 849 παῖδας
435 806 467 846 δ’
492 807 569 859 ἐγὼ
594 809 666 858 μὲν
691 809 878 859 γνησίους
903 807 1054 848 ἔτικτον
1078 808 1138 853 ἄν,

268 873 290 924 ἣ
317 873 350 913 δ’
376 874 609 925 ἡμιδούλους
632 877 714 915 τοῖς
740 875 847 925 ἐμοῖς
873 877 1110 927 νοθαγενεῖς.

270 940 360 981 ἀλλ’
387 940 520 981 οὔποτ’
547 940 784 981 οὔποτ’-οὐ
809 943 883 994 γὰρ
910 940 1083 993 εἰσάπαξ
1104 943 1237 994 ἐρῶ-

269 1008 344 1061 χρὴ
370 1008 459 1049 τούς
483 1024 530 1060 γε
554 1011 644 1048 νοῦν
670 1008 846 1061 ἔχοντας,
875 1009 932 1050 οῖς
956 1008 1065 1049 ἔστιν
1090 1009 1200 1061 γυνή,

269 1074 365 1127 πρὸς
390 1075 461 1125 τὴν
488 1075 529 1115 ἐν
554 1076 674 1117 οἴκοις
702 1075 853 1128 ἄλοχον
880 1077 1076 1128 ἐσφοιτᾶν
1101 1077 1171 1117 ε’ἇν
1429 1087 1492 1119 945

270 1146 469 1195 γυναῖκας·
508 1141 620 1182 αῦται
645 1143 720 1194 γὰρ
745 1140 978 1182 διδάσκαλοι
1003 1146 1144 1184 κακῶν·

269 1208 291 1260 ἢ
318 1208 389 1259 μέν
413 1226 449 1250 τι
477 1210 736 1260 κερδαίνουσα
761 1210 995 1262 συμφθείρει
1018 1209 1152 1263 λέχος,

269 1275 291 1326 ἣ
319 1275 351 1316 δ’
377 1277 642 1327 ἀμπλακοῦσα
667 1280 879 1317 συννοσεῖν
905 1277 999 1333 αὐτῇ
1025 1277 1145 1323 θέλει,

270 1343 419 1403 πολλαὶ
446 1345 487 1384 δὲ
511 1344 730 1396 μαργότητι
757 1375 764 1383 .
794 1375 800 1383 .
831 1375 837 1383 .
867 1345 1074 1384 κάντεῦθεν
1098 1344 1210 1395 δόμοι

270 1413 459 1451 νοσοῦσιν
485 1411 648 1463 ἀνδρῶν.
721 1410 818 1462 πρὸς
842 1409 924 1450 τάδ’
951 1411 991 1451 εῦ
1017 1409 1250 1463 φυλάσσετε
1432 1423 1496 1456 950

273 1478 480 1533 κλῄθροισι
507 1479 569 1518 καὶ
593 1481 784 1531 μοχλοῖσι
809 1476 996 1528 δωμάτων
1022 1479 1160 1520 πύλας·

270 1545 376 1596 ὑγιὲς
401 1547 474 1596 γὰρ
500 1545 612 1585 οὐδὲν
638 1546 677 1585 αἱ
702 1545 869 1596 θύραθεν
895 1546 1041 1585 εἴσοδοι

272 1614 417 1662 δρῶσιν
442 1615 649 1663 γυναικῶν,
678 1612 785 1651 ἀλλὰ
809 1613 943 1652 πολλὰ
969 1612 1030 1651 καὶ
1056 1609 1165 1650 κακά.

170 1682 244 1719 Xo.
270 1677 370 1730 ἄγαν
395 1679 546 1730 ἐφῆκας
570 1681 766 1730 γλῶσσαν
792 1679 847 1719 εἰς
870 1678 915 1718 τὸ
940 1679 1159 1730 σύμφυτον.

273 1746 513 1797 συγγνωστὰ
537 1744 609 1796 μέν
634 1762 702 1786 νυν
728 1746 793 1785 σοὶ
817 1743 913 1790 τάδ’,
941 1744 1031 1784 ἀλλ’
1058 1746 1162 1795 ὅμως
1186 1744 1316 1798 χρεὼν
1433 1756 1495 1788 955

275 1816 437 1863 κοσμεῖν
461 1815 647 1865 γυναῖκας
669 1813 739 1853 τὰς
763 1813 985 1863 γυναικείας
1009 1812 1164 1852 νόσους.

172 1882 245 1931 Ορ.
278 1879 411 1931 σοφόν
434 1895 471 1919 τι
495 1880 628 1931 χρῆμα
650 1881 719 1918 τοῦ
743 1876 971 1928 διδάξαντος
996 1878 1165 1930 βροτοὺς

271 1947 417 1998 λόγους
442 1946 597 1986 ἀκούειν
620 1948 698 1985 τῶν
724 1946 911 1985 ἐναντίων
936 1943 1052 1997 πάρα.

273 2013 351 2065 ἐγὼ
375 2014 451 2065 γὰρ
476 2013 587 2054 εἰδὼς
610 2014 732 2053 τῶνδε
758 2013 955 2064 σύγχυσιν
979 2012 1109 2062 δόμων

274 2080 356 2131 ἔριν
380 2097 422 2121 τε
445 2079 516 2129 τὴν
542 2079 619 2130 σὴν
646 2079 708 2119 καὶ
733 2078 914 2131 γυναικὸς
931 2077 1136 2130 “Ἐκτορος,
1435 2081 1498 2122 960

217 2182 281 2212 933
306 2171 406 2213 λέχος
421 2172 453 2202 H
548 2181 611 2211 935
636 2171 859 2208 βλέπουσανΣ
871 2176 903 2202 ct
917 2171 986 2201 fere
1001 2172 1097 2202 codd.
1114 2169 1336 2212 (ssm'vrow'av
1348 2169 1428 2201 PV²
1438 2170 1497 2210 13²)

173 2227 235 2256 937
270 2216 333 2247 del.
366 2215 484 2246 Nauck
617 2225 682 2255 939
714 2215 893 2257 φυλάττειν
919 2216 1015 2245 codd.
1152 2224 1214 2254 947
1247 2214 1401 2256 συμφέρει
1427 2214 1498 2245 ΒΟ

173 2261 237 2299 948
263 2261 341 2301 αὑτῇ
359 2264 382 2293 Σ
403 2260 451 2297 (et
471 2260 602 2299 Haun.)
619 2270 625 2289 τ
651 2261 731 2301 αὐτῇ
748 2259 843 2289 codd.
868 2259 984 2296 (αὐτὴν
1003 2258 1050 2297 Η)
1211 2267 1276 2298 953
1299 2257 1399 2290 πόλλ’
1417 2259 1500 2299 ἄγαν

175 2304 255 2335 κακὰ
287 2303 478 2342 gnomolog.
511 2303 678 2333 Venetum
839 2311 902 2340 955
934 2302 992 2340 μὲν
1021 2301 1074 2333 οὖν
1102 2302 1223 2333 codd.:
1259 2311 1344 2334 corr.
1373 2301 1500 2332 Canter

174 2348 239 2385 956
255 2347 451 2387 γυναικείους
466 2347 492 2376 Β
507 2346 536 2376 O
550 2347 575 2376 P
589 2351 621 2376 et
638 2346 670 2375 H
748 2345 874 2384 νόσους]
888 2358 938 2386 γρ.
957 2345 1068 2385 φύσεις
1084 2345 1109 2374 Β
1215 2354 1385 2384 957—1211
1405 2346 1499 2375 deest

178 2390 204 2420 B
305 2399 368 2428 959
392 2389 494 2428 νόμων
513 2390 556 2421 P:
583 2399 668 2420 corr.
685 2392 709 2427 p
