1683 2732
692 73 940 110 MHAEIA

256 175 362 217 ἄλλα
385 177 577 227 βασίλεια
604 175 798 227 κρείσσων

324 243 504 293 δόμοισιν
528 241 690 283 ἐπέστα.
1422 259 1484 290 445

156 328 312 359 ῙΑΣΩΝ

256 387 300 427 οὐ
323 390 391 428 νῦν
417 389 595 428 κατεῖδον
619 390 773 439 πρῶτον
798 386 903 426 ἀλλὰ
929 385 1125 428 πολλάκις

255 458 444 507 τραχεῖαν
466 452 589 506 ὀργὴν
614 453 665 495 ὡς
689 451 896 506 ἀμήχανον
923 453 1053 493 κακόν.

257 521 322 560 σοὶ
347 522 423 573 γὰρ
447 519 572 571 παρὸν
596 522 672 572 γῆν
697 518 813 569 τήνδε
840 519 902 559 καὶ
926 519 1068 570 δόμους
1093 519 1202 573 ἔχειν

256 588 412 640 κούφως
436 586 615 642 φερούσῃ
641 586 886 638 κρεισσόνων
909 586 1178 637 βουλεύματα,

254 654 389 706 λόγων
413 653 589 704 ματαίων
615 652 740 693 οὕνεκ’
765 654 917 710 ἐκπεσῇ
942 654 1098 706 χθονός.
1422 669 1488 700 450

256 721 371 771 κάμοὶ
393 722 466 771 μὲν
490 720 603 761 οὐδὲν
627 723 802 772 πρᾶγμα·
839 719 892 771 μὴ
918 721 1050 777 παύσῃ
1077 722 1172 761 ποτὲ

254 786 417 839 λέγουσ’
443 786 591 827 Ἰάσον’
618 786 669 829 ὡς
694 786 880 829 κάκιστός
905 786 989 827 ἐστ’
1015 786 1126 839 ἀνήρ·

255 853 280 894 ἃ
304 853 336 894 δ’
362 855 402 896 ἐς
425 852 634 906 τυράννους
659 854 751 894 ἐστί
771 870 839 894 σοι
861 853 1098 906 λελεγμένα,

255 923 333 961 πᾶν
359 919 491 972 κέρδος
516 920 614 972 ἡγοῦ
641 919 873 972 ζημιουμένη
899 925 1021 977 φυγῇ.

257 988 362 1040 κάγὼ
386 990 458 1038 μὲν
482 987 559 1028 αἰεὶ
582 987 791 1038 βασιλέων
818 986 1068 1038 θυμουμένων
1423 1001 1485 1033 455

255 1055 375 1106 ὀργὰς
400 1055 578 1110 ἀφῄρουν
603 1054 670 1094 καί
691 1053 731 1093 σ’
756 1054 984 1105 ἐβουλόμην
1008 1053 1154 1104 μένειν·

258 1120 308 1160 σὺ
333 1120 365 1160 δ’
393 1119 460 1160 οὐκ
485 1121 606 1162 ἀνίεις
629 1122 790 1172 μωρίας,
815 1119 981 1172 λέγουσ’
1006 1120 1067 1161 ἀεὶ

257 1190 382 1229 κακῶς
406 1186 630 1239 τυράννους·
669 1188 806 1239 τοιγὰρ
834 1187 985 1244 ἐκπεσῇ
1008 1187 1165 1239 χθονός.

254 1254 360 1304 ὅμως
384 1255 426 1294 δὲ
454 1254 525 1294 κάκ
549 1252 663 1294 τῶνδ’
687 1253 756 1293 οὐκ
780 1254 1000 1305 ἀπειρηκὼς
1025 1255 1160 1306 φίλοις

253 1320 347 1370 ἥκω,
375 1320 418 1359 τὸ
444 1319 516 1360 σὸν
541 1322 583 1360 δὲ
607 1320 967 1371 προσκοπούμενος,
992 1321 1120 1372 γύναι,
1418 1325 1485 1365 460

254 1386 306 1429 ὡς
327 1385 417 1437 μήτ’
441 1385 632 1440 ἀχρήμων
656 1386 732 1427 σὺν
756 1386 955 1427 τέκνοισιν
980 1386 1151 1443 ἐκπέσῃς

251 1451 340 1505 μήτ’
366 1452 499 1504 ἐνδεής
521 1470 603 1494 του·
640 1453 760 1493 πόλλ’
786 1453 1002 1505 ἐφέλκεται
1026 1453 1135 1506 φυγὴ

254 1522 351 1560 κακὰ
375 1519 450 1571 ξὺν
474 1520 583 1577 αὐτῇ.
654 1520 718 1561 καὶ
741 1521 817 1573 γὰρ
843 1521 877 1561 εἶ
901 1519 955 1560 σύ
976 1537 1026 1572 με
1051 1523 1222 1573 στυγεῖς,

252 1587 319 1627 οὐκ
344 1586 394 1628 ἂν
417 1588 607 1638 δυναίμην
630 1588 697 1628 σοὶ
722 1591 848 1629 κακῶς
873 1590 1037 1640 φρονεῖν
1060 1603 1168 1628 ποτε.

152 1656 234 1705 Μη.
252 1651 281 1694 ὦ
307 1653 565 1706 παγκάκιστε,
592 1657 707 1694 τοῦτο
731 1653 808 1706 γάρ
833 1653 873 1693 σ’
898 1655 1023 1695 εἰπεῖν
1050 1654 1142 1707 ἔχω,
1417 1659 1480 1700 465

250 1721 421 1777 γλώσσῃ
445 1720 637 1773 μέγιστον
662 1722 716 1763 εἷς
741 1722 950 1774 ἀνανδρίαν
975 1721 1108 1761 κακόν·

249 1786 368 1837 ἦλθες
392 1787 489 1840 πρὸς
513 1787 627 1839 ἡμᾶς,
652 1786 773 1838 ἦλθες
798 1788 984 1841 ἔχθιστος
1008 1788 1155 1841 γεγώς;

251 1850 369 1903 [θεοῖς
393 1871 437 1895 τε
462 1855 577 1905 κάμοὶ
601 1855 722 1895 παντί
742 1854 777 1895 τ’
804 1855 1020 1907 ἀνθρώπων
1043 1851 1185 1908 γένει;]

251 1921 356 1961 οὗτοι
381 1920 529 1974 θράσος
553 1921 633 1961 τόδ’
660 1922 771 1962 ἐστὶν
797 1920 875 1961 οὐδ’
901 1922 1101 1972 εὐτολμία,

191 2023 254 2052 445
285 2013 430 2053 δόμοισιν
456 2013 487 2044 A
501 2014 528 2044 B
542 2014 568 2045 L
582 2025 589 2044 t
621 2014 728 2054 δόμοις
756 2014 787 2044 V
799 2013 848 2044 Pl
958 2013 1081 2046 ἐπέστα
1109 2014 1135 2044 L
1147 2013 1174 2044 P
1188 2025 1196 2044 ε
1234 2014 1356 2053 ἐπέστη
1383 2016 1415 2046 Α
1427 2015 1454 2046 Β
1469 2027 1475 2047 :

148 2057 269 2095 ἀνέστη
293 2057 324 2087 V
468 2058 532 2096 448
562 2060 627 2098 ’γῆν
650 2055 763 2096 τήνδε]
788 2058 885 2096 τήνδε
908 2060 973 2099 ’γῆν
995 2057 1027 2088 Α
1175 2066 1240 2096 450
1272 2060 1422 2090 ἐκπεσεῖν
1445 2059 1477 2089 Α

147 2110 210 2138 452
234 2099 350 2132 Ἰάσον’
370 2100 537 2140 Elmsley:
563 2101 678 2133 Ἰάσων
694 2102 790 2132 codd.
905 2111 969 2139 454
994 2101 1101 2142 φυγὴν
1117 2100 1148 2131 Α
1259 2110 1323 2140 455
1348 2102 1407 2134 αἰεὶ
1428 2102 1474 2133 L:

148 2144 195 2175 ἀεὶ
224 2143 294 2174 rell.
450 2153 512 2182 457
549 2144 637 2182 ἀνίης
666 2144 693 2174 L
720 2155 887 2184 suprascr.
920 2158 963 2176 εις
992 2143 1029 2174 Ll
1198 2145 1263 2183 460
1296 2146 1335 2176 τὸ
1359 2147 1417 2177 σὸν
1440 2146 1475 2178 δὲ

148 2186 194 2218 L:
220 2187 259 2218 τὸ
281 2186 342 2218 σόν
363 2199 403 2227 γε
429 2186 475 2217 P:
499 2188 538 2219 τὸ
561 2187 621 2219 σόν
640 2190 673 2220 δε
695 2187 789 2218 VB:
813 2189 949 2220 τοσὸνδε
972 2187 1003 2217 Α
1022 2186 1101 2228 (sic)
1119 2198 1125 2217 :
1153 2188 1191 2219 τὸ
1217 2189 1275 2220 σὺν
1291 2189 1330 2226 δὴ
1349 2188 1475 2228 Hogan

145 2230 208 2268 463
232 2230 312 2267 αὑτὴ
332 2229 379 2259 L:
403 2231 484 2272 αὐτῇ
501 2230 573 2261 rell.
716 2232 779 2270 464
805 2231 870 2271 σοὶ]
891 2243 950 2263 συν
968 2230 1104 2261 Patakis
1247 2233 1311 2270 466
1330 2232 1474 2263 Damnat

146 2271 244 2302 Prinz
259 2283 267 2311 ;
292 2273 407 2303 habuit
424 2277 448 2307 Σ
536 2274 695 2306 ἀναίδειαν
712 2274 946 2313 Wyttenbach
1070 2274 1134 2312 468
1160 2273 1305 2305 Seclusit
1324 2275 1472 2314 Brunck,

144 2315 183 2347 cl.
204 2326 233 2347 v.
254 2325 336 2355 1324
485 2316 549 2355 469
572 2318 640 2348 οὔτι
659 2317 723 2347 LP
739 2328 814 2348 cum
833 2317 1033 2349 Herodiano
1049 2317 1083 2347 in
1102 2317 1256 2349 Boisson.
1277 2318 1407 2350 Anecd.
1426 2319 1471 2349 iii.

145 2368 174 2397 p.
195 2359 259 2388 208

1305 2395 1341 2429 7*
