1683 2732
744 104 947 141 EKABH

285 208 382 261 πρὸς
405 209 519 249 τόνδε
543 207 576 249 δ’
603 207 681 259 εἶμι
706 208 768 248 καὶ
792 208 929 259 λόγοις
953 207 1188 259 ἀμείψομαι·

285 274 328 317 ὃς
354 276 432 332 φῂς
458 275 634 328 Ἀχαιῶν
659 275 783 315 πόνον
809 272 1087 314 ἀπαλλάσσων
1112 276 1277 315 διπλοῦν

286 341 583 394 Ἀγαμέμνονός
609 340 642 380 θ’
669 341 777 381 ἕκατι
801 339 907 380 παῖδ’
934 339 1028 390 ἐμὸν
1053 343 1219 380 κτανεῖν.

286 407 389 453 ἀλλ’,
416 406 445 448 ὦ
472 406 646 452 κάκιστε,
672 410 828 458 πρῶτον
853 405 986 447 οὔποτ’
1011 404 1058 446 ἂν
1084 407 1206 458 φίλον

286 474 331 515 τὸ
354 473 566 526 βάρβαρον
590 473 734 526 γένοιτ’
759 472 807 514 ἂν
826 471 1031 523 “Έλλησιν
1055 471 1172 525 γένος
1429 488 1511 511 1200

285 540 364 581 οὐδ’
390 541 439 581 ἂν
463 541 632 581 δύναιτο.
690 541 778 581 τίνα
803 542 845 580 δὲ
871 541 933 580 καὶ
961 540 1142 580 σπεύδων
1167 539 1285 593 χάριν

285 608 483 659 πρόθυμος
507 607 630 658 ἧσθα;
669 608 816 659 πότερα
843 607 1043 657 κηδεύσων
1067 608 1155 646 τινὰ

284 671 308 724 ἢ
334 674 530 727 συγγενὴς
555 675 620 721 ὥν,
647 670 671 724 ἢ
695 673 768 714 τίν’
793 675 922 714 αἰτίαν
947 674 1070 727 ἕχων,·

284 737 308 791 ἢ
335 743 408 791 σῆς
434 741 605 792 ἔμελλον
630 742 702 793 γῆς
727 743 858 791 τεμεῖν
882 739 1151 791 βλαστήματα

286 807 531 850 πλεύσαντες
556 807 684 853 αὖθις;
722 807 811 847 τίνα
835 810 962 849 δοκεῖς
986 808 1141 847 πείσειν
1166 805 1278 854 τάδε,·
1431 820 1510 850 1205

285 875 306 913 ὁ
329 875 490 927 χρυσός,
518 875 551 915 εἰ
576 873 743 925 βούλοιο
767 874 920 924 τάληθῆ
945 873 1092 926 λέγειν,

287 940 434 981 ἔκτεινε
458 940 526 981 τὸν
551 940 646 991 ἐμὸν
672 943 804 986 παῖδα,
833 941 895 980 καὶ
923 939 1034 991 κέρδη
1061 941 1109 979 τὰ
1134 939 1202 980 σά.

352 1006 438 1045 ἐπεὶ
462 1003 620 1054 δίδαξον
647 1007 772 1044 τοῦτο·
812 1007 906 1049 πῶς,
933 1004 990 1043 ὅτ’
1017 1004 1171 1059 εὐτύχει

285 1072 421 1124 Τροία,
450 1070 566 1123 πέριξ
586 1073 627 1111 δὲ
653 1071 798 1123 πύργος
825 1070 899 1124 εἶχ’
925 1071 981 1111 ἔτι
1007 1072 1161 1117 πτόλιν,

286 1138 351 1188 ἔζη
377 1155 419 1179 τε
444 1138 624 1190 Πρίαμος
641 1136 835 1190 (Ἕκτορός
859 1137 892 1177 τ’
918 1137 1026 1188 ἤνθει
1051 1139 1156 1190 δόρυ,
1428 1153 1511 1175 1210

285 1205 326 1245 τί
346 1204 379 1244 δ’
404 1203 450 1244 οὐ
472 1203 564 1251 τότ’,
594 1205 702 1256 ε’ίπερ
727 1204 815 1259 τῷδ’
842 1203 1064 1255 ἐβουλήθης
1088 1204 1205 1258 χάριν

285 1270 439 1317 θέσθαι,
466 1270 626 1324 τρέφων
650 1270 718 1311 τὸν
742 1274 862 1311 παῖδα
888 1272 959 1312 κάν
984 1272 1117 1323 δόμοις
1140 1271 1246 1326 ἔχων

285 1337 459 1381 ἔκτεινας
482 1335 506 1388 ἢ
534 1337 642 1388 ζῶντ’
667 1337 786 1388 ἦλθες
811 1337 1006 1390 Ἀργείοις
1031 1338 1158 1391 ἄγων;

283 1404 376 1445 ἀλλ’
400 1404 506 1459 ἡνίχ’
530 1405 642 1456 ἡμεῖς
667 1404 791 1445 οὐκέτ’
818 1406 939 1455 ἐσμὲν
965 1407 1006 1446 ἐν
1033 1405 1186 1458 φάει-

286 1475 418 1527 καπνῷ
443 1471 475 1512 δ’
501 1470 665 1522 ἐσήμην’
690 1471 1052 1523 ἄστυ-πολεμίων
1076 1473 1163 1518 ὕπο,
1429 1485 1509 1516 1215

284 1537 399 1589 ξένον
425 1538 610 1580 κατέκτας
637 1538 713 1588 σὴν
736 1538 897 1589 μολόντ’
922 1538 986 1590 ἐφ’
1013 1540 1162 1579 ἑστίαν.

342 1604 438 1657 πρὸς
463 1607 596 1644 τοῖσδε
622 1607 691 1644 νῦν
717 1603 899 1650 ἄκουσον,
930 1604 981 1646 ὡς
1005 1611 1135 1662 φανῇς
1162 1610 1289 1646 κακός.

283 1673 384 1724 χρῆν
409 1670 462 1716 σ’,
490 1672 598 1723 εἴπερ
624 1670 729 1721 ἦσθα
753 1675 834 1712 τοῖς
861 1671 1087 1724 Ἀχαιοῖσιν
1112 1672 1245 1723 φίλος,

282 1737 352 1777 τὸν
375 1736 527 1791 χρυσὸν
551 1739 596 1778 ὃν
621 1738 700 1795 φῂς
725 1737 769 1777 οὐ
795 1737 868 1778 σὸν
896 1738 1001 1777 ἀλλὰ
1026 1737 1126 1777 τοῦδ’
1151 1738 1258 1791 ἔχειν

283 1806 416 1844 δοῦναι
442 1803 617 1856 φέροντα
642 1804 873 1855 πενομένοις
900 1821 943 1844 τε
969 1805 1030 1844 καὶ
1056 1805 1200 1857 χρόνον
1427 1817 1510 1840 1220

282 1870 410 1911 πολὺν
435 1869 616 1926 πατρῴας
641 1874 713 1922 γῆς
739 1870 1061 1921 ἀπεξενωμένοις·

283 1937 333 1976 σὺ
358 1936 390 1976 δ’
416 1936 503 1977 οὐδὲ
528 1941 597 1978 νῦν
621 1954 681 1977 πω
709 1939 782 1987 σῆς
807 1937 1034 1987 ἀπαλλάξαι
1060 1937 1175 1991 χερὸς

281 2009 442 2058 τολμᾷς,
470 2004 573 2057 ἔχων
598 2006 639 2044 δὲ
666 2008 863 2056 καρτερεῖς
891 2004 944 2044 ἔτ’
971 2006 1013 2044 ἐν
1038 2005 1184 2055 δόμοις.

284 2070 346 2110 καὶ
369 2070 448 2121 μὴν
471 2070 629 2123 τρέφων
652 2073 725 2121 μὲν
751 2071 803 2111 ὥς
829 2088 876 2111 σε
904 2071 1008 2111 παῖδ’
1035 2072 1156 2124 ἐχρῆν
1182 2070 1343 2123 τρέφειν

229 2173 308 2202 1197
332 2162 382 2203 ὃς]
399 2164 438 2195 ὣς
454 2162 486 2192 Μ
499 2162 538 2192 B²
553 2164 653 2202 (corr.
670 2163 729 2201 M2)
747 2174 754 2193 ;
781 2166 844 2195 πῶς
863 2163 968 2193 PV²l2
1070 2163 1131 2204 φὴς
1150 2163 1201 2193 vel
1221 2164 1282 2203 φῆς
1300 2163 1395 2194 codd.
1411 2168 1443 2194 et
1460 2168 1483 2197 Σ
1501 2176 1506 2194 :

182 2205 260 2247 φήσ’
275 2205 316 2236 V2
403 2219 453 2248 γρ.
474 2206 573 2246 φόνον
589 2211 613 2240 Σ
626 2206 658 2236 Μ
781 2217 857 2237 1201
887 2207 954 2238 οὔτ’
971 2207 1066 2237 codd.
1084 2217 1089 2235 ς
1117 2216 1201 2236 corr.
1224 2206 1371 2236 Dindorf
1456 2208 1506 2238 καὶ

181 2260 245 2279 om.
266 2249 292 2279 L
441 2259 521 2288 1209
545 2252 655 2290 εἴχετο
675 2250 706 2280 Μ
725 2261 732 2281 t
757 2250 826 2290 εἶχε
843 2251 905 2288 τὴν
925 2250 969 2280 Μ2
983 2250 1008 2279 L
1132 2249 1250 2281 πτόλιν
1263 2249 1295 2279 Α
1311 2251 1358 2287 <et
1377 2249 1407 2280 O
1421 2250 1482 2287 ΡΖ)
1499 2261 1505 2280 ;

181 2292 278 2324 πόλιν
295 2292 363 2322 rell⁴
476 2303 553 2322 1211
581 2293 608 2325 δ’
628 2294 747 2331 οὐπδὴ
765 2296 812 2332 οὐ,
831 2298 929 2332 puto:
955 2294 988 2325 τί
1005 2295 1039 2325 οὐ
1056 2292 1237 2323 Wecklein
1346 2303 1426 2322 1212
1450 2294 1506 2325 τὸν

180 2346 244 2366 om.
261 2336 287 2365 L
390 2346 469 2375 1214
487 2335 586 2375 ἐσμὲν
600 2336 691 2367 MV:
716 2336 797 2376 ἦμεν
813 2336 843 2366 Α
857 2337 904 2368 B:
931 2337 1017 2375 εἶμεν
1032 2337 1057 2366 L
1070 2337 1096 2366 P
1201 2346 1394 2374 1214,1215
1414 2347 1506 2375 para-

180 2380 330 2418 graphos
348 2379 489 2410 inseruit
504 2379 680 2409 Marchant
695 2380 780 2420 (non
796 2383 834 2419 Σ)
926 2381 1040 2412 καπνὸς
1059 2380 1185 2409 Canter
1280 2390 1357 2417 1217
1377 2382 1460 2419 φανῆ
1475 2380 1504 2408 Α

185 2432 265 2452 1220
282 2423 334 2462 τε]
353 2422 431 2454 τότε
450 2422 481 2452 Μ
