1683 2732
631 68 999 107 ΙΠΠΟΛΎΤΟΣ

250 174 378 226 βαρὺν
403 173 556 224 βρόμον
581 174 738 223 μεθῆκε,
768 170 943 223 φρικώδη
972 169 1118 208 κλύειν·

252 240 368 292 ὀρθὸν
394 241 436 280 δὲ
461 238 566 291 κρᾶτ’
593 238 771 288 ἔστησαν
797 236 862 278 οὓς
886 235 920 275 τ’
947 237 986 276 ἐς
1012 234 1177 286 οὐρανὸν

252 308 379 347 ἵπποι·
417 305 507 357 παρ’
534 305 625 355 ἡμῖν
652 303 683 344 δ’
709 302 758 353 ἧν
783 303 916 355 φόβος
942 300 1121 343 νεανικὸς

251 373 371 413 πόθεν
396 370 481 412 ποτ’
508 371 565 420 ε’ίη
592 370 784 422 φθόγγος.
856 370 896 410 ἐς
919 367 953 408 δ’
978 367 1212 420 ἁλιρρόθους
1402 379 1479 408 1205

252 439 370 479 ἀκτὰς
396 435 708 488 ἀποβλέψαντες
735 434 839 487 ἱερὸν
866 436 1019 485 εἴδομεν

253 503 338 555 κῦμ’
363 503 512 557 οὐρανῷ
541 503 739 555 στηρίζον,
768 501 864 541 ὥστ’
890 500 1070 557 ἀφῃρέθη

252 571 447 623 Σκίρωνος
473 570 594 611 ἀκτὰς
621 570 726 620 ὄμμα
750 567 894 619 τούμὸν
919 569 1094 619 εἰσορᾶν·

252 637 417 689 ἔκρυπτε
442 635 474 676 δ’
500 635 664 686 Ἰσθμὸν
692 635 754 675 καὶ
778 633 924 687 πέτραν
950 633 1210 683 Ἀσκληπιοῦ.

252 702 400 743 κᾶπειτ’
425 701 644 752 ἀνοιδῆσάν
669 718 711 741 τε
738 701 800 741 καὶ
825 698 943 751 πέριξ
964 699 1092 752 ἀφρὸν
1401 709 1483 731 1210

253 769 378 810 πολὺν
404 767 603 822 καχλάζον
630 768 774 822 ποντίῳ
801 766 1007 819 φυσήματι

251 839 376 889 χωρεῖ
397 835 494 887 πρὸς
521 834 653 881 ἀκτάς,
681 834 725 874 οὗ
750 832 964 885 τέθριππος
990 831 1037 882 ἧν
1061 833 1168 885 ὄχος.

252 901 353 956 αὐτῷ
379 904 421 942 δὲ
447 901 521 942 σὺν
551 902 719 941 κλύδωνι
746 899 807 940 καὶ
833 899 1013 952 τρικυμία

253 968 337 1018 κῦμ’
366 966 525 1018 ἐξέθηκε
553 971 706 1019 ταῦρον,
733 966 869 1019 ἄγριον
894 965 1021 1017 τέρας·

253 1035 297 1074 οὗ
322 1037 433 1074 πᾶσα
459 1036 529 1085 μὲν
556 1034 663 1087 χθὼν
690 1031 918 1085 φθέγματος
941 1028 1190 1083 πληρουμένη
1401 1040 1481 1070 1215

255 1103 446 1152 φρικῶδες
474 1098 771 1151 ἀντεφθέγγετ’,
799 1100 988 1150 εἰσορῶσι
1013 1099 1054 1138 δὲ

254 1170 442 1219 κρεῖσσον
470 1165 596 1216 θέαμα
622 1164 849 1217 δεργμάτων
876 1165 1072 1217 ἐφαίνετο.

254 1232 365 1275 εὐθὺς
392 1235 433 1273 δὲ
459 1232 607 1273 πώλοις
633 1230 759 1273 δεινὸς
785 1232 967 1282 ἐμπίπτει
993 1231 1138 1282 φόβος·

256 1299 318 1339 καὶ
343 1299 539 1349 δεσπότης
563 1300 636 1349 μὲν
662 1299 882 1338 ἱππικοῖσιν
906 1296 1046 1347 ἤθεσιν

254 1365 378 1421 πολὺς
403 1365 591 1416 ξυνοικῶν
615 1364 762 1417 ἥρπασ’
786 1364 897 1415 ἡνίας
922 1367 1068 1417 χεροῖν,
1395 1373 1479 1395 1220

255 1433 361 1473 ἕλκει
387 1434 428 1473 δὲ
455 1433 590 1482 κώπην
615 1432 721 1472 ὥστε
746 1430 948 1482 ναυβάτης
974 1429 1070 1481 ἀνὴρ

255 1501 392 1550 ἱμᾶσιν
419 1500 458 1540 ἐς
483 1499 699 1539 τοῦπισθεν
724 1496 898 1550 ἀρτήσας
924 1497 1055 1548 δέμας·

256 1567 294 1607 αἲ
320 1566 352 1606 δ’
379 1568 614 1606 ἐνδακοῦσαι
640 1565 786 1615 στόμια
811 1566 998 1616 πυριγενῆ
1025 1564 1214 1615 γναθμοῖς

253 1634 326 1686 βίᾳ
352 1632 557 1685 φέρουσιν,
585 1632 675 1672 οὔτε
699 1629 920 1682 ναυκλήρου
945 1629 1062 1683 χερὸς

252 1699 334 1740 οὔθ’
363 1698 620 1750 ἱπποδέσμων
644 1698 734 1738 οὔτε
760 1701 962 1748 κολλητῶν
987 1698 1094 1749 ὄχων
1398 1705 1477 1735 1225

254 1765 617 1818 μεταστρέφουσαι.
691 1765 749 1805 κεί
773 1766 845 1815 μὲν
871 1765 909 1806 ἐς
934 1765 982 1803 τὰ
1006 1763 1191 1814 μαλθακὰ

255 1833 369 1885 γαίας
395 1833 499 1886 ἔχων
525 1834 660 1873 οἴακας
687 1831 839 1872 εὐθύνοι
863 1831 1019 1882 δρόμον,

253 1898 509 1952 προυφαίνετ’
536 1900 575 1940 ἐς
599 1898 645 1939 τὸ
669 1898 858 1950 πρόσθεν,
885 1896 981 1937 ὥστ’
1007 1893 1286 1947 ἀναστρέφειν,

199 2001 282 2030 1203
317 1991 366 2031 δὲ]
391 2005 428 2023 τε
456 1991 519 2021 LP
637 1990 681 2031 δ’]
707 1991 737 2022 τ’
764 1990 832 2020 LV
997 1989 1079 2019 1208
1114 1987 1264 2027 σκίρωνος
1291 1984 1341 2014 O:
1375 1996 1474 2024 σκειρ.

153 2035 222 2066 rell.
315 2035 341 2066 δ’
360 2036 458 2067 ἀκτᾶς
472 2034 504 2064 Μ
520 2046 526 2066 ;
553 2035 651 2067 ἀκτὰς
666 2035 712 2064 L:
738 2033 899 2075 Σκιρωνίδ’
915 2033 1012 2073 ἄκραν
1029 2029 1209 2061 Kirchhoff
1319 2036 1402 2065 1213
1427 2028 1476 2057 αὐ-

151 2081 210 2110 τοῦ
241 2078 468 2108 Wilamowitz
679 2079 761 2108 1216
806 2074 1036 2117 ἆντεφθέγξατ’
1070 2073 1146 2103 ΜΟ
1180 2072 1258 2102 Chr.
1298 2071 1369 2101 Pat.
1413 2069 1476 2107 858

154 2121 397 2162 [tivrtspoe‘yyer’
415 2122 456 2162 L)
615 2122 697 2151 1218
723 2123 862 2153 ἐνπίτνει
882 2119 913 2149 Μ
930 2130 936 2149 :
963 2119 1107 2150 ἐνπίπτει
1126 2116 1172 2146 Μ2
1322 2124 1405 2152 1219
1429 2114 1476 2144 ἱπ-

152 2167 293 2197 πικοῖσιν
323 2165 554 2196 Valckenaer:
596 2166 736 2197 ἱππικοῖς
777 2166 811 2196 ἐν
850 2163 945 2193 codd.
1128 2171 1210 2191 1220
1249 2160 1404 2191 συνοικῶν
1443 2156 1475 2186 Μ

156 2219 237 2247 1223
261 2211 413 2249 ’γναθμοΐς
432 2208 463 2238 Μ
477 2208 526 2240 A:
552 2208 681 2249 γνάθοις
698 2208 770 2239 rell.
895 2215 975 2244 1225
1001 2205 1081 2246 ὄχον
1099 2204 1130 2234 Μ
1261 2211 1342 2239 1227
1368 2203 1476 2238 σἰἠκας

151 2252 220 2282 ΑΒ
237 2251 311 2289 LP,
345 2252 488 2282 sortasse
521 2256 613 2282 recte
763 2250 858 2283 ἰθύνοι
890 2249 998 2279 VLP
1031 2261 1099 2288 ι-νη
1133 2248 1158 2278 Ρ
1190 2251 1224 2277 et
1254 2246 1397 2276 fortasse
1430 2243 1472 2283 L)

156 2296 236 2326 1228
261 2297 305 2327 εἷς
321 2298 540 2336 τοῦμπροσθεν
559 2295 586 2325 Β
599 2294 625 2325 L
637 2295 664 2325 P
