1651 2780
636 108 983 147 ΕΥΡΙΠΙΔΟΥ

240 215 381 266 φίλους
408 217 531 255 κακῶς
559 212 746 265 δράσαντ’
773 215 950 254 ἐναντίον
976 213 1157 264 βλέπειν,
1404 224 1466 257 470

239 280 330 321 ἀλλ’
354 281 376 331 ἡ
402 281 570 333 μεγίστη
598 284 675 321 τῶν
702 282 744 321 ἐν
769 281 988 333 ἀνθρώποις
1014 281 1144 321 νόσων

240 351 391 393 πασῶν,
420 347 594 388 ἀναίδει’·
635 347 675 387 εὖ
702 346 735 387 δ’
763 349 955 398 ἐποίησας
979 348 1126 398 μολών·

240 414 317 466 ἐγώ
343 431 384 454 τε
409 416 484 466 γὰρ
508 412 664 464 λέξασα
692 414 1014 466 κουφισθήσομαι

240 480 379 533 ψυχὴν
404 484 529 522 κακῶς
556 497 603 521 σε
629 481 692 521 καὶ
717 480 766 520 σὺ
791 480 953 536 λυπήσῃ
980 481 1120 521 κλύων.

309 548 353 587 ἐκ
377 548 455 585 τῶν
479 547 521 585 δὲ
547 543 713 597 πρώτων
739 546 894 594 πρῶτον
919 542 1085 594 ἄρξομαι
1109 543 1257 595 λέγειν.
1407 556 1470 590 475

242 612 380 667 ἔσῳσά
404 612 455 659 σ’,
483 613 534 654 ὡς
559 614 699 654 ἴσασιν
724 611 934 663 Ἑλλήνων
958 614 1048 653 ὅσοι

242 679 382 720 ταύτὸν
409 679 711 730 συνεισέβησαν
736 679 914 734 Ἀργῷον
939 679 1109 732 σκάφος,

243 745 476 798 πεμφθέντα
499 746 652 798 ταύρων
677 746 887 798 πυρπνόων
912 746 1128 797 ἐπιστάτην

247 813 436 870 ζεύγλῃσι
462 814 524 854 καὶ
551 816 773 865 σπεροῦντα
799 813 1019 863 θανάσιμον
1043 813 1154 865 γύην·

244 879 435 932 δράκοντά
461 879 506 926 θ’,
535 879 578 921 ὃς
603 879 838 932 πάγχρυσον
863 879 1054 933 ἀμπέχων
1079 879 1193 932 δέρας
1409 883 1474 922 480

246 948 425 1000 σπείραις
449 946 573 1001 ἔσῳζε
598 947 866 988 πολυπλόκοις
891 946 1035 989 ἄυπνος
1061 946 1125 992 ὤν,

248 1012 421 1054 κτείνασ’
447 1012 622 1066 ἀνέσχον
648 1012 714 1052 σοὶ
739 1012 840 1065 φάος
866 1012 1074 1065 σωτήριον.

248 1080 344 1131 αὐτὴ
369 1082 412 1121 δὲ
436 1079 587 1131 πατέρα
614 1080 677 1120 καὶ
702 1080 844 1130 δόμους
869 1079 1058 1132 προδοῦσ’
1086 1079 1201 1131 ἐμοὺς

247 1147 318 1198 τὴν
344 1150 549 1197 Πηλιῶτιν
576 1147 631 1188 εἷς
657 1145 822 1186 Ἰωλκὸν
848 1147 986 1198 ἱκόμην

250 1214 323 1255 σὺν
349 1215 428 1259 σοί,
456 1214 655 1265 πρόθυμος
681 1215 838 1264 μᾶλλον
864 1210 887 1263 ἢ
914 1213 1140 1266 σοφωτέρα·
1413 1217 1475 1256 485

249 1282 404 1321 Πελίαν
428 1279 461 1320 τ’
487 1279 696 1325 ἀπέκτειν’,
723 1280 861 1332 ὥσπερ
885 1280 1080 1332 ἄλγιστον
1105 1282 1251 1325 θανεῖν,

250 1349 399 1389 παίδων
425 1346 488 1388 ὑπ’
516 1347 647 1393 αὐτοῦ,
676 1346 805 1387 πάντα
828 1346 862 1385 τ’
888 1346 1042 1397 ἐξεῖλον
1068 1347 1201 1397 δόμον.

252 1415 313 1454 καὶ
337 1413 445 1454 ταῦθ’
471 1413 540 1465 ὑφ’
565 1414 686 1464 ἡμῶν,
715 1411 743 1452 ὦ
771 1412 922 1453 κάκιστ’
948 1414 1112 1466 ἀνδρῶν,
1139 1412 1275 1454 παθὼν

249 1482 476 1533 προύδωκας
498 1480 612 1532 ἡμᾶς,
641 1482 754 1521 καινὰ
778 1480 810 1521 δ’
836 1479 989 1531 ἐκτήσω
1013 1480 1173 1533 λέχη-

250 1550 403 1589 παίδων
425 1548 627 1601 γεγώτων·
664 1549 698 1589 εἰ
724 1548 798 1600 γὰρ
823 1546 913 1597 ἦσθ’
939 1546 1055 1588 ἄπαις
1081 1547 1150 1593 ἔτι,
1414 1559 1478 1590 490

253 1615 479 1668 συγγνώστ’
504 1614 552 1655 ἂν
578 1613 625 1665 ἣν
651 1631 717 1655 σοι
739 1613 842 1654 τοῦδ’
870 1615 1085 1667 ἐρασθῆναι
1109 1613 1266 1667 λέχους.

251 1683 378 1734 ὅρκων
404 1684 445 1723 δὲ
471 1682 622 1734 φρούδη
650 1682 794 1726 πίστις,
823 1680 902 1721 οὐδ’
927 1681 1007 1734 ἔχω
1031 1683 1172 1731 μαθεῖν

249 1748 275 1800 ἦ
301 1749 412 1790 θεοὺς
437 1749 606 1799 νομίζεις
630 1748 720 1790 τοὺς
743 1747 823 1787 τότ’
850 1748 917 1788 οὐκ
942 1747 1079 1801 ἄρχειν
1105 1746 1175 1793 ἔτι,

251 1813 274 1866 ἦ
303 1817 416 1856 καινὰ
441 1817 597 1855 κεῖσθαι
623 1814 751 1865 θέσμι’
778 1815 996 1867 ἀνθρώποις
1021 1817 1069 1855 τὰ
1093 1817 1176 1860 νῦν,

253 1882 337 1923 ἐπεὶ
363 1881 560 1923 σύνοισθά
584 1881 620 1934 γ’
648 1883 703 1923 εἰς
729 1880 787 1932 ἔμ’
813 1881 883 1921 οὐκ
908 1882 1066 1933 εὕορκος
1091 1881 1158 1921 ὤν.
1414 1891 1479 1922 495

314 1953 391 2002 φεῦ
415 1948 523 2000 δεξιὰ
548 1950 648 2002 χείρ,
675 1948 720 2000 ἧς
746 1948 797 1989 σὺ
823 1948 942 1989 πόλλ’
967 1947 1210 1999 ἐλαμβάνου,

195 2051 259 2081 470
282 2039 438 2079 βλέπειν;
453 2039 485 2070 Α
575 2049 635 2078 471
663 2038 830 2077 καλλίστη
846 2037 878 2068 Α
967 2046 1029 2076 475
1053 2039 1154 2069 τῶνδε
1170 2036 1240 2067 VL
1339 2037 1404 2075 476
1428 2036 1478 2068 Cf.

155 2084 239 2115 Plat.
259 2086 341 2126 ἑορτ.
367 2094 430 2124 30;
462 2082 613 2114 Eubulus
637 2083 680 2112 26
811 2091 875 2120 479
901 2079 1055 2122 ζεύγλῃσι
1081 2080 1163 2112 LP:
1199 2079 1365 2120 ζεύὝλαισι
1389 2080 1481 2111 VB:

156 2128 339 2169 ζεύγνῆαισι
356 2128 387 2158 Α
513 2128 577 2166 480
601 2127 627 2158 θ’
647 2125 714 2156 LA
727 2124 773 2157 B:
799 2125 826 2157 δ’
844 2124 911 2155 VP
1000 2122 1170 2164 ἀμπέχων]
1188 2122 1344 2164 ἀμφέπων
1359 2123 1483 2154 Aldina

156 2171 244 2213 δέρας
262 2171 332 2202 AV
344 2171 371 2201 B
383 2171 427 2204 P:
454 2171 541 2213 δέρος
560 2171 585 2200 L
597 2182 617 2201 v
778 2169 841 2208 487
866 2169 918 2209 ὑφ’
937 2169 1033 2200 αὑτοῦ
1051 2166 1205 2206 Elmsley
1330 2167 1436 2199 πάντα
1450 2167 1482 2199 τ’

158 2217 281 2256 ἐξεῖλον
305 2215 402 2255 δόμον
428 2215 527 2248 Ῑ,ΡΣ
553 2215 657 2255 [unde
680 2227 731 2255 γρ.
759 2212 833 2252 B¹):
861 2211 967 2243 πάντα
990 2211 1017 2242 δ’
1043 2213 1166 2252 ἐξεῖλον
1189 2210 1295 2252 φόβον
1314 2209 1426 2241 AVB
1449 2215 1483 2241 et

157 2263 181 2293 Σ
193 2259 219 2289 Β
238 2262 278 2299 (Σ
294 2265 402 2290 utrum
421 2260 448 2291 δ’
466 2269 509 2290 an
526 2259 555 2290 τ’
574 2258 729 2289 habuerit
746 2266 814 2287 non
832 2260 944 2295 potest
960 2254 1039 2285 dici}
1193 2264 1254 2293 491
1293 2255 1481 2295 συγγνώστ’

158 2304 197 2335 ἂν
219 2302 259 2341 ἣν
284 2304 332 2334 L:
361 2302 545 2344 συγγνώστ’
571 2304 610 2334 ἂν
634 2302 680 2332 Ρ;
709 2301 924 2342 συγγνωστὸν
947 2298 987 2336 ἧν
1008 2297 1119 2329 AVB
1250 2307 1315 2336 493
1341 2297 1436 2335 ss-V:
1462 2299 1482 2336 ἢ

158 2347 227 2377 ΑΒ
242 2347 267 2377 L
280 2347 328 2378 P:
353 2348 381 2378 εἴ
398 2346 526 2377 Reiske
616 2344 729 2384 νομίζω
754 2343 866 2375 Schol.
885 2342 1047 2373 Aeschin.
1067 2352 1098 2381 p.
1117 2351 1181 2381 350
1292 2350 1354 2380 494
1380 2341 1482 2381 θέσμι’

162 2391 186 2420 L
199 2390 267 2420 ΡΛ
287 2389 398 2421 sebo).
419 2389 599 2419 Aeschin.:
626 2387 728 2428 θέσμι’
747 2390 780 2419 ἐν
796 2386 844 2418 V:
871 2385 961 2425 θέσμ’
980 2388 1012 2417 ἐν
1030 2385 1058 2415 Β
