1651 2780
677 99 1024 139 ΕΥΡΙΠΙΔΟΥ

183 203 253 240 Εκ.
281 200 414 252 πολλή
440 201 476 254 γ’
502 200 652 255 ἀνάγκη
681 204 842 256 θυγατρὶ
869 207 1079 246 συνθανεῖν
1104 206 1185 257 ἐμέ.

181 270 253 307 Οδ.
281 272 381 315 πῶς;
420 269 465 309 οὐ
489 271 565 321 γὰρ
590 269 676 310 οῖδα
702 271 899 313 δεσπότας
929 272 1174 323 κεκτημένος.

184 337 252 374 Εκ.
279 335 396 375 ὁποῖα
422 336 560 378 κισσὸς
587 337 712 389 δρυός,
742 339 846 379 ὅπως
871 339 984 389 τῆσδ’
1010 338 1159 390 ἕξομαι.

181 403 252 441 Οὸ.
280 402 360 447 οὔκ,
387 402 435 453 ἤν
459 420 505 455 γε
530 404 644 459 πείθῃ
671 408 778 444 τοῖσι
803 409 876 445 σοῦ
901 405 1161 458 σοφωτέροις.

185 471 252 507 Εκ.
280 468 330 509 ὡς
355 469 466 519 τῆσδ’
494 471 639 510 ἑκοῦσα
666 471 804 512 παιδὸς
828 472 873 511 οὐ
896 472 1133 523 μεθήσομαι.
1445 488 1509 518 400

181 537 252 574 Οδ.
279 535 371 575 ἀλλ’
396 535 476 575 οὐδ’
503 537 580 588 ἐγὼ
605 537 682 587 μὴν
707 537 814 587 τήνδ’
840 538 972 590 ἄπειμ’
998 540 1116 579 αὐτοῦ
1139 540 1280 580 λιπών.

182 604 261 641 Πλ.
281 605 414 655 μῆτερ,
442 605 558 643 πιθοῦ
583 620 662 654 μοι·
702 605 765 645 καὶ
791 606 853 650 σύ,
882 610 956 646 παῖ
976 607 1181 658 Λαερτίου,

279 668 388 721 χάλα
411 674 593 710 τοκεῦσιν
620 671 779 713 εἰκότως
804 672 1072 723 θυμουμένοις,

280 736 332 776 σύ
355 737 403 783 τ’,
431 735 460 777 ὦ
485 735 668 783 τάλαινα,
695 742 777 780 τοῖς
804 742 992 790 κρατοῦσι
1015 739 1067 790 μὴ
1092 737 1234 793 μάχου.

278 804 410 860 βούλῃ
436 808 575 845 πεσεῖν
603 805 700 856 πρὸς
725 805 840 847 οῦδας
866 808 1044 846 ἑλκῶσαί
1058 824 1100 847 τε
1126 807 1199 847 σὸν
1442 821 1508 852 405

279 869 447 923 γέροντα
472 874 606 924 χρῶτα
633 871 730 923 πρὸς
755 874 852 922 βίαν
877 872 1091 924 ὠθουμένη,

279 938 566 991 ἀσχημονῆσαί
587 937 620 977 τ’
648 939 689 978 ἐκ
709 938 799 979 νέου
823 940 1040 993 βραχίονος

279 1004 509 1051 σπασθεῖσ’,
537 1005 561 1045 ἃ
586 1006 725 1061 πείσῃ;
763 1006 816 1056 μὴ
843 1006 894 1046 σύ
917 1006 967 1059 γ’·
1005 1006 1049 1046 οὐ
1073 1007 1148 1059 γὰρ
1173 1005 1298 1058 ἄξιον.

279 1071 384 1117 ἀλλ’,
412 1070 441 1112 ὦ
467 1072 566 1124 φίλη
592 1089 658 1123 μοι
683 1075 817 1126 μῆτερ,
845 1073 1011 1124 ἡδίστην
1035 1073 1134 1126 χέρα

280 1138 345 1180 δὸς
371 1140 432 1179 καὶ
458 1141 624 1191 παρειὰν
652 1144 905 1191 προσβαλεῖν
930 1141 1100 1192 παρηίδι·
1445 1154 1508 1186 410

279 1205 329 1247 ὡς
354 1205 487 1247 οὔποτ’
512 1206 633 1252 αὖθις,
662 1207 768 1247 ἀλλὰ
794 1211 861 1247 νῦν
886 1207 1138 1248 πανύστατον

278 1273 416 1313 ἀκτῖνα
442 1273 586 1314 κύκλον
612 1273 646 1313 θ’
671 1274 786 1324 ἡλίου
811 1275 1084 1326 προσόψομαι.

276 1340 392 1382 τέλος
418 1339 516 1396 δέχῃ
542 1340 588 1391 δὴ
614 1344 691 1381 τῶν
717 1342 821 1392 ἐμῶν
847 1339 1205 1394 προσφθεγμάτων.

276 1406 306 1447 ὦ
330 1410 465 1460 μῆτερ,
493 1406 522 1447 ὦ
548 1407 716 1454 τεκοῦσ’,
743 1408 878 1459 ἄπειμι
902 1408 948 1459 δὴ
974 1407 1088 1449 κάτω.

180 1477 247 1514 Εκ.
274 1472 303 1514 ὦ
330 1474 510 1526 θύγατερ,
537 1474 649 1525 ἡμεῖς
674 1474 706 1514 δ’
732 1476 774 1515 ἐν
799 1473 894 1528 φάει
919 1476 1199 1526 δουλεύσομεν.
1440 1488 1506 1520 415

179 1544 256 1582 Πλ.
278 1541 458 1594 ἄνυμφος
484 1541 716 1592 ἀνυμέναιος
741 1543 793 1583 ὧν
818 1542 858 1594 μ’
886 1543 1007 1596 ἐχρῆν
1032 1546 1180 1596 τυχεῖν.

178 1611 247 1648 Εκ.
274 1610 408 1660 οἰκτρὰ
434 1609 496 1653 σύ,
524 1608 675 1654 τέκνον,
702 1610 823 1650 ἀθλία
847 1609 880 1649 δ’
907 1610 984 1662 ἐγὼ
1009 1609 1120 1662 γυνή.

178 1678 257 1715 Πλ.
280 1677 363 1716 ἐκεῖ
385 1674 416 1715 δ’
443 1676 485 1715 ἐν
503 1674 644 1715 “Ἀιδου
670 1676 851 1727 κείσομαι
875 1676 996 1729 χωρὶς
1021 1675 1152 1716 σέθεν.

179 1745 247 1782 Εκ.
274 1744 392 1793 οἴμοι·
431 1742 471 1782 τί
494 1740 646 1793 δράσω;
685 1746 755 1783 ποῖ
776 1741 1002 1793 τελευτήσω
1028 1744 1141 1793 βίον,·

178 1812 257 1849 Πλ.
279 1809 399 1859 δούλη
426 1812 627 1860 θανοῦμαι,
655 1810 802 1862 πατρὸς
827 1809 913 1849 οῦσ’
940 1808 1159 1861 ἐλευθέρου.
1439 1822 1506 1853 420

180 1879 248 1916 Εκ.
273 1876 384 1927 ἡμεῖς
409 1878 450 1917 δὲ
475 1875 719 1926 πεντήκοντά
743 1876 779 1928 γ’
804 1876 971 1928 ἄμμοροι
995 1876 1156 1916 τέκνων.

179 1946 257 1982 Πλ.
279 1944 320 1983 τί
342 1960 408 1983 σοι
432 1942 530 1994 πρὸς
547 1941 708 1996 ”Εκτορ’
733 1940 756 1993 ἦ
781 1942 935 1996 γέροντ’
961 1945 1056 1983 εἴπω
1083 1943 1223 1989 πόσιν;

178 2012 247 2050 Εκ.
274 2009 450 2063 ἄγγελλε
475 2014 616 2050 πασῶν
641 2008 889 2060 ἀθλιωτάτην
915 2009 996 2060 ἐμέ.

218 2113 280 2142 397
320 2102 515 2142 κεκτημένος
548 2103 649 2133 etiam
678 2107 725 2136 Σε
753 2101 933 2141 κεκτημένη
960 2101 994 2138 Ρ,
1020 2112 1087 2140 quo
1111 2105 1248 2140 recepto
1275 2100 1366 2133 οἶσθα
1388 2100 1503 2138 Jenne

175 2147 239 2186 398
266 2145 363 2186 ὅπως]
385 2146 434 2177 Cf.
455 2146 534 2176 Tro.
560 2147 674 2185 146-7,
695 2145 754 2176 Ar.
774 2145 862 2176 Eccl.
884 2155 945 2184 297
963 2156 970 2175 τ
996 2146 1059 2185 ἐγὼ
1078 2144 1181 2184 Sybel
1201 2145 1306 2185 (κάγὼ
1323 2144 1362 2183 Σ)
1379 2156 1384 2175 ·.
1412 2145 1504 2183 ὅμοια

175 2200 235 2229 pro
254 2192 347 2221 ὁποῖα
365 2189 504 2221 Reiske.
553 2190 645 2219 Nihil
662 2190 695 2219 in
714 2194 737 2223 Σ
756 2189 797 2219 de
815 2189 949 2228 duplice
968 2188 1109 2218 relativo
1235 2197 1298 2226 402
1320 2188 1457 2228 Λαρτίου
1472 2187 1504 2217 Α

175 2245 239 2273 404
264 2233 310 2273 τ’]
330 2234 356 2265 δ’
374 2234 404 2263 V
524 2243 588 2271 405
612 2231 703 2274 πρὸς]
722 2235 752 2265 ἐς
772 2234 797 2263 L
908 2233 971 2270 408
997 2232 1141 2263 ÷÷÷zroei⁸d
1160 2232 1179 2263 ἃ
1194 2232 1237 2271 μὴ
1254 2231 1350 2268 πείση
1368 2230 1409 2262 σύ
1423 2229 1456 2271 γ’
1476 2230 1502 2260 L

174 2288 238 2316 412
256 2288 320 2309 om.
343 2277 375 2307 M
395 2289 402 2308 ε
427 2277 503 2308 add.
526 2276 580 2307 M2.
631 2277 681 2307 Cf.
699 2276 772 2306 Alc.
794 2277 900 2314 206-7
1015 2286 1078 2314 413
1103 2274 1201 2315 δέχου
1220 2276 1247 2305 Α
1261 2285 1298 2305 v:
1325 2274 1352 2306 δ’
1371 2274 1432 2314 ἔχη
1449 2274 1502 2304 vel

174 2323 201 2354 δ’
220 2323 290 2363 ἔχει
309 2321 356 2351 M²
373 2336 423 2363 Ὑρ.
445 2322 477 2351 Α
567 2330 631 2359 419
654 2319 743 2360 βίον]
761 2319 839 2351 τάδε
858 2318 977 2349 Nauck
993 2330 999 2348 z
1023 2319 1061 2350 cf.
1089 2328 1171 2357 1270
1268 2328 1326 2356 421
1355 2318 1499 2358 ἄμμοιροι

174 2366 224 2396 A:
251 2368 371 2408 ἄμοιροι
389 2366 418 2395 V
