1683 2732
592 85 990 124 ANAPOMAXH

133 191 204 240 Ερ.
235 191 308 241 πῦρ
335 204 399 228 σοι
424 189 643 240 προσοίσω,
673 188 739 228 κού
762 188 806 228 τὸ
832 188 906 229 σὸν
931 189 1270 242 προσκέψομαι-

133 258 204 295 Αν.
236 254 286 295 σὺ
310 254 342 295 δ’
369 254 437 295 οὖν
462 253 632 295 κάταιθε·
671 255 752 295 θεοὶ
778 256 852 307 γὰρ
879 256 1054 296 εἴσονται
1078 255 1182 296 τάδε.

136 324 202 373 Ερ.
236 322 298 362 καὶ
323 321 444 375 χρωτὶ
470 323 607 361 δεινῶν
632 320 863 373 τραυμάτων
889 322 1122 374 ἀλγηδόνας.

134 390 204 427 Αν.
235 387 376 440 σφάξ’,
404 387 568 438 αἱμάτου
593 389 684 429 θεᾶς
707 388 859 438 βωμόν,
886 387 909 438 ἢ
934 387 1092 439 μέτεισί
1114 405 1173 429 σε.
1396 393 1458 425 260

134 456 202 505 Ερ.
232 452 262 494 ὦ
287 454 495 506 βάρβαρον
521 454 572 494 σὺ
597 453 748 506 θρέμμα
774 455 835 495 καὶ
861 454 1037 506 σκληρὸν
1062 454 1222 506 θράσος,

233 522 478 573 ἐγκαρτερεῖς
504 520 548 570 δὴ
575 519 764 567 θάνατον,·
802 520 894 560 ἀλλ’
921 521 997 573 ἐγώ
1025 521 1062 559 σ’
1089 522 1202 573 ἕδρας

233 588 276 627 ἐκ
301 586 413 637 τῆσδ’
440 590 611 628 ἑκοῦσαν
637 586 894 638 ἐξαναστήσω
919 586 1035 641 τάχα·

232 653 376 695 τοιόνδ’
402 654 481 708 ἔχω
508 670 581 694 σου
605 653 758 705 δέλεαρ.
831 654 937 694 ἀλλὰ
959 655 1035 706 γὰρ
1060 655 1205 707 λόγους

233 720 385 773 κρύψω,
411 720 457 760 τὸ
482 720 514 760 δ’
541 720 655 773 ἔργον
681 719 774 760 αὐτὸ
800 724 971 772 σημανεῖ
992 719 1109 774 τάχα.
1399 724 1458 765 265

234 785 373 837 κάθησ’
399 787 543 838 ἑδραία·
583 787 645 827 καὶ
670 788 746 839 γὰρ
770 787 803 827 εἰ
827 786 945 838 πέριξ
966 786 1004 826 ‹r’
1029 787 1115 841 ἔχοι

233 852 373 903 τηκτὸς
396 853 611 904 μόλυβδος,
638 851 899 903 ἐξαναστήσω
927 853 965 893 σ’
993 854 1070 906 ἐγὼ

233 920 324 971 πρὶν
349 917 377 973 ᾧ
403 918 595 961 πέποιθας
620 918 724 959 παῖδ’
749 918 973 972 Ἀχιλλέως
996 923 1147 971 μολεῖν.

134 989 205 1027 Αν.
236 985 418 1027 πέποιθα.
490 985 618 1026 δεινὸν
643 985 676 1025 δ’
703 987 875 1038 ἑρπετῶν
899 989 972 1037 μὲν
997 987 1144 1039 ἀγρίων

234 1052 306 1103 ἄκη
332 1055 517 1104 βροτοῖσι
541 1054 641 1093 θεῶν
666 1054 918 1102 καταστῆσαί
937 1069 1037 1094 τινα·
1400 1064 1461 1095 270

233 1118 254 1158 ὃ
280 1118 313 1158 δ’
339 1118 422 1160 ἔστ’
448 1119 606 1172 ἐχίδνης
632 1120 694 1159 καὶ
720 1118 839 1171 πυρὸς
865 1118 1094 1172 περαιτέρω,

235 1185 362 1228 οὐδεὶς
386 1185 569 1238 γυναικὸς
595 1184 767 1237 φάρμακ’
794 1184 981 1238 ἐξηύρηκέ
1005 1203 1066 1226 πω

236 1253 365 1303 κακῆς·
402 1252 595 1292 τοσοῦτόν
621 1253 743 1303 ἐσμεν
768 1252 987 1305 ἀνθρώποις
1013 1253 1143 1293 κακόν.

135 1349 206 1386 Xo.
227 1344 284 1386 ‘'“H
311 1345 498 1398 μεγάλων
523 1344 654 1398 ἀχέων
679 1345 738 1398 ἄρ’
763 1345 949 1399 ὑπῆρξεν,
977 1346 1032 1386 ὅτ’
1058 1346 1205 1387 Ἰδαίαν
1307 1342 1411 1399 [στρ.
1438 1364 1462 1386 α

434 1414 474 1453 ἐς
499 1411 626 1452 νάπαν
652 1411 738 1462 ἦλθ’
766 1414 785 1451 ὁ
812 1414 916 1453 Μαί-
1400 1424 1460 1456 275

436 1495 480 1520 ας
506 1495 548 1518 τε
574 1479 636 1518 καὶ
663 1478 760 1520 Διὸς
783 1479 909 1525 τόκος,

435 1546 634 1596 τρίπωλον
660 1543 764 1596 ἅρμα
787 1545 983 1595 δαιμόνων

434 1610 541 1662 ἄγων
566 1610 611 1650 τὸ
636 1611 880 1663 καλλιζυγές,

237 1676 333 1729 ἔριδι
358 1681 530 1731 στυγερᾷ
557 1676 838 1729 κεκορυθμένον
864 1677 1081 1731 εὐμορφίας

503 1743 702 1794 σταθμοὺς
726 1744 790 1784 ἐπὶ
815 1744 954 1794 βούτα,
1404 1749 1464 1779 280

369 1808 524 1862 βοτῆρά
548 1809 580 1849 τ’
607 1811 709 1862 ἀμφὶ
733 1811 981 1863 μονότροπον
1006 1811 1164 1851 νεανίαν

569 1876 714 1928 ἔρημόν
739 1876 773 1916 θ’

504 1945 713 1997 ἑστιοῦχον
738 1943 874 1984 αὐλάν.

181 2035 245 2073 258
267 2033 343 2066 τόδε
356 2033 387 2064 Α
518 2035 583 2065 260
606 2035 737 2074 αἵματος
750 2035 775 2065 Ρ
864 2035 928 2065 266
953 2035 983 2066 ‹r’
998 2045 1062 2066 om.
1076 2035 1107 2065 A
1121 2034 1148 2064 Ρ
1237 2034 1307 2074 ἔχοι
1326 2034 1440 2064 Bruhn
1458 2045 1464 2063 :

138 2076 208 2117 ἔχει
225 2077 322 2108 codd.
445 2078 508 2108 268
531 2076 571 2118 ᾧ]
588 2079 625 2110 ὃν
642 2078 669 2108 Ρ
794 2088 858 2117 270
882 2081 1085 2116 καταστῆσαι
1099 2082 1156 2117 ρΣ
1175 2082 1207 2108 et
1225 2077 1318 2108 Stob.
1337 2087 1385 2116 73.
1406 2088 1463 2116 19:

139 2122 386 2161 ἐγκαταστῆσαι
409 2121 506 2152 codd.
534 2122 679 2160 (βροτοῖς
704 2121 745 2161 Ρ)
889 2132 949 2159 271
982 2124 999 2153 ὃ
1026 2122 1180 2153 Dobree:
1215 2122 1234 2153 ἃ
1258 2121 1353 2151 codd.
1382 2125 1415 2150 et
1441 2125 1464 2154 Σ

138 2173 201 2202 273
229 2167 375 2195 τοιοῦτον
399 2163 434 2194 Ρ.
484 2164 623 2195 Versum
644 2165 778 2195 videtur
799 2175 867 2196 non
890 2165 1048 2195 habuisse
1066 2169 1089 2198 Σ
1245 2165 1308 2202 276
1332 2164 1429 2201 ἦλθεν
1448 2166 1464 2194 ὁ

139 2208 236 2238 codd.
254 2219 260 2238 :
285 2217 369 2238 corr.
392 2207 405 2236 I
420 2206 532 2247 (ἦλθεν
547 2212 623 2238 etv.
639 2208 703 2237 286
715 2208 840 2248 νίψαντ’
855 2208 1050 2249 Wecklein)
1141 2207 1234 2240 τέκος
1250 2207 1281 2237 Μ
1298 2219 1303 2238 ;
1328 2207 1424 2248 γόνος
1439 2206 1464 2236 Ρ

140 2260 204 2289 279
227 2251 364 2292 ἀγλαΐας
380 2250 459 2281 olim
478 2250 653 2281 Headlam.
703 2251 753 2282 Cf.
773 2262 802 2282 v.
824 2253 888 2290 289
1019 2252 1083 2281 280
1099 2252 1219 2288 βούτας
1237 2251 1405 2288 Schoene,
1424 2251 1462 2280 cl.

142 2293 222 2367 {1213-
243 2303 304 2377 5l)37
324 2294 396 2333 (τὰς
412 2294 596 2333 ποιμενικὰς
615 2293 763 2326 ἐπαύλεις
781 2294 818 2323 13¹
838 2296 870 2324 in
890 2295 1057 2335 margine)
1175 2295 1235 2324 281
1262 2295 1292 2325 τ’
1311 2303 1373 2323 om.
1394 2293 1424 2323 A
1438 2292 1463 2322 L

144 2347 175 2375 xa
227 2362 232 2368 ·

227 2401 307 2422 EUR.
327 2401 350 2422 1.
1297 2389 1337 2419 18
