<?xml version="1.0" encoding="UTF-8"?>
<!DOCTYPE html PUBLIC "-//W3C//DTD XHTML 1.0 Transitional//EN"
    "http://www.w3.org/TR/xhtml1/DTD/xhtml1-transitional.dtd">
<html xmlns="http://www.w3.org/1999/xhtml" xml:lang="en" lang="en">
 <head>
  <title>
</title>
<meta http-equiv="Content-Type" content="text/html;charset=utf-8" />
  <meta name='ocr-system' content='tesseract 3.04.00' />
  <meta name='ocr-capabilities' content='ocr_page ocr_carea ocr_par ocr_line ocrx_word'/>
</head>
<body>
  <div class='ocr_page' id='page_1' title='image "./euripidisfabulae01euriuoft_0307.png"; bbox 0 0 1683 2732; ppageno 0'>
   <div class='ocr_carea' id='block_1_1' title="bbox 637 106 1028 144">
    <p class='ocr_par' dir='ltr' id='par_1_1' title="bbox 637 106 1028 144">
     <span class='ocr_line' id='line_1_1' title="bbox 637 106 1028 144; baseline 0.003 -1"><span class='ocrx_word' id='word_1_1' title='bbox 637 106 1028 144; x_wconf 80' lang='grc' dir='ltr'>ΑΝΔΡΟΜΑΧΗ</span> 
     </span>
    </p>
   </div>
   <div class='ocr_carea' id='block_1_2' title="bbox 173 209 1498 2144">
    <p class='ocr_par' dir='ltr' id='par_1_2' title="bbox 173 209 1498 2144">
     <span class='ocr_line' id='line_1_2' title="bbox 273 209 1180 264; baseline 0.001 -13"><span class='ocrx_word' id='word_1_2' title='bbox 273 212 454 263; x_wconf 78' lang='grc' dir='ltr'>φυλακὰς</span> <span class='ocrx_word' id='word_1_3' title='bbox 479 210 582 264; x_wconf 87' lang='grc' dir='ltr'>ἔχων</span> <span class='ocrx_word' id='word_1_4' title='bbox 609 210 785 261; x_wconf 90' lang='grc' dir='ltr'>ἔμιμνον,</span> <span class='ocrx_word' id='word_1_5' title='bbox 815 209 883 250; x_wconf 78' lang='grc' dir='ltr'>εἴτ’</span> <span class='ocrx_word' id='word_1_6' title='bbox 910 210 1026 250; x_wconf 79' lang='grc' dir='ltr'>αὐτοῦ</span> <span class='ocrx_word' id='word_1_7' title='bbox 1049 215 1180 261; x_wconf 79' lang='grc' dir='ltr'>μενεῖς</span> 
     </span>
     <span class='ocr_line' id='line_1_3' title="bbox 273 276 1082 331; baseline -0.001 -13"><span class='ocrx_word' id='word_1_8' title='bbox 273 277 341 318; x_wconf 81' lang='grc' dir='ltr'>εἴτ’</span> <span class='ocrx_word' id='word_1_9' title='bbox 366 276 628 330; x_wconf 82' lang='grc' dir='ltr'>ἐκφοβηθεῖσ’</span> <span class='ocrx_word' id='word_1_10' title='bbox 654 276 948 329; x_wconf 84' lang='grc' dir='ltr'>αἰχμαλωτίδος</span> <span class='ocrx_word' id='word_1_11' title='bbox 972 277 1082 331; x_wconf 82' lang='grc' dir='ltr'>φόνῳ</span> 
     </span>
     <span class='ocr_line' id='line_1_4' title="bbox 272 340 1187 397; baseline -0.002 -12"><span class='ocrx_word' id='word_1_12' title='bbox 272 344 453 397; x_wconf 85' lang='grc' dir='ltr'>γυναικὸς</span> <span class='ocrx_word' id='word_1_13' title='bbox 479 345 595 384; x_wconf 81' lang='grc' dir='ltr'>οἴκων</span> <span class='ocrx_word' id='word_1_14' title='bbox 619 342 733 383; x_wconf 80' lang='grc' dir='ltr'>τῶνδ’</span> <span class='ocrx_word' id='word_1_15' title='bbox 761 340 1021 396; x_wconf 79' lang='grc' dir='ltr'>ἀπηλλάχθαι</span> <span class='ocrx_word' id='word_1_16' title='bbox 1046 342 1187 385; x_wconf 85' lang='grc' dir='ltr'>θέλεις.</span> 
     </span>
     <span class='ocr_line' id='line_1_5' title="bbox 272 408 1147 461; baseline -0.001 -10"><span class='ocrx_word' id='word_1_17' title='bbox 272 410 396 461; x_wconf 84' lang='grc' dir='ltr'>ἦλθον</span> <span class='ocrx_word' id='word_1_18' title='bbox 422 411 463 450; x_wconf 80' lang='grc' dir='ltr'>δὲ</span> <span class='ocrx_word' id='word_1_19' title='bbox 490 411 564 451; x_wconf 77' lang='grc' dir='ltr'>σᾶς</span> <span class='ocrx_word' id='word_1_20' title='bbox 587 411 660 460; x_wconf 83' lang='grc' dir='ltr'>μὲν</span> <span class='ocrx_word' id='word_1_21' title='bbox 685 409 729 449; x_wconf 86' lang='grc' dir='ltr'>οὐ</span> <span class='ocrx_word' id='word_1_22' title='bbox 757 409 894 460; x_wconf 81' lang='grc' dir='ltr'>σέβων</span> <span class='ocrx_word' id='word_1_23' title='bbox 919 408 1147 455; x_wconf 83' lang='grc' dir='ltr'>ἐπιστολάς,</span> 
     </span>
     <span class='ocr_line' id='line_1_6' title="bbox 273 476 1495 528; baseline -0.001 -12"><span class='ocrx_word' id='word_1_24' title='bbox 273 478 306 516; x_wconf 86' lang='grc' dir='ltr'>εἰ</span> <span class='ocrx_word' id='word_1_25' title='bbox 331 476 363 517; x_wconf 87' lang='grc' dir='ltr'>δ’</span> <span class='ocrx_word' id='word_1_26' title='bbox 389 477 590 527; x_wconf 79' lang='grc' dir='ltr'>ἐνδιδοίης,</span> <span class='ocrx_word' id='word_1_27' title='bbox 618 476 754 527; x_wconf 86' lang='grc' dir='ltr'>ὥσπερ</span> <span class='ocrx_word' id='word_1_28' title='bbox 780 477 951 522; x_wconf 83' lang='grc' dir='ltr'>ε’νδίδως,</span> <span class='ocrx_word' id='word_1_29' title='bbox 978 477 1114 528; x_wconf 88' lang='grc' dir='ltr'>λόγον,</span> <span class='ocrx_word' id='word_1_30' title='bbox 1434 481 1495 521; x_wconf 89' lang='grc'>965</span> 
     </span>
     <span class='ocr_line' id='line_1_7' title="bbox 270 542 1374 595; baseline 0 -12"><span class='ocrx_word' id='word_1_31' title='bbox 270 542 442 595; x_wconf 78' lang='grc' dir='ltr'>πέμψων</span> <span class='ocrx_word' id='word_1_32' title='bbox 467 542 504 581; x_wconf 86' lang='grc' dir='ltr'>σ’</span> <span class='ocrx_word' id='word_1_33' title='bbox 531 542 596 583; x_wconf 84' lang='grc' dir='ltr'>ἀπ’</span> <span class='ocrx_word' id='word_1_34' title='bbox 622 544 739 583; x_wconf 83' lang='grc' dir='ltr'>οἴκων</span> <span class='ocrx_word' id='word_1_35' title='bbox 765 542 891 583; x_wconf 85' lang='grc' dir='ltr'>τῶνδ’.</span> <span class='ocrx_word' id='word_1_36' title='bbox 932 563 937 569; x_wconf 88' lang='grc'>·</span> <span class='ocrx_word' id='word_1_37' title='bbox 962 542 1033 593; x_wconf 78' lang='grc' dir='ltr'>ε’μὴ</span> <span class='ocrx_word' id='word_1_38' title='bbox 1058 544 1133 595; x_wconf 79' lang='grc' dir='ltr'>γὰρ</span> <span class='ocrx_word' id='word_1_39' title='bbox 1159 544 1259 583; x_wconf 69' lang='grc' dir='ltr'>οὖσα</span> <span class='ocrx_word' id='word_1_40' title='bbox 1285 544 1374 595; x_wconf 74' lang='grc' dir='ltr'>πρὶν</span> 
     </span>
     <span class='ocr_line' id='line_1_8' title="bbox 272 607 1159 665; baseline -0.001 -17"><span class='ocrx_word' id='word_1_41' title='bbox 272 609 346 649; x_wconf 83' lang='grc' dir='ltr'>σὺν</span> <span class='ocrx_word' id='word_1_42' title='bbox 370 612 468 664; x_wconf 78' lang='grc' dir='ltr'>τῷδε</span> <span class='ocrx_word' id='word_1_43' title='bbox 496 610 617 651; x_wconf 82' lang='grc' dir='ltr'>ναίεις</span> <span class='ocrx_word' id='word_1_44' title='bbox 642 610 753 661; x_wconf 83' lang='grc' dir='ltr'>ἀνδρὶ</span> <span class='ocrx_word' id='word_1_45' title='bbox 781 613 853 649; x_wconf 82' lang='grc' dir='ltr'>σοῦ</span> <span class='ocrx_word' id='word_1_46' title='bbox 878 608 1024 661; x_wconf 81' lang='grc' dir='ltr'>πατρὸς</span> <span class='ocrx_word' id='word_1_47' title='bbox 1050 607 1159 665; x_wconf 79' lang='grc' dir='ltr'>κάκῃ,</span> 
     </span>
     <span class='ocr_line' id='line_1_9' title="bbox 271 674 1125 728; baseline -0.001 -13"><span class='ocrx_word' id='word_1_48' title='bbox 271 674 312 716; x_wconf 75' lang='grc' dir='ltr'>ὃς</span> <span class='ocrx_word' id='word_1_49' title='bbox 337 675 428 728; x_wconf 86' lang='grc' dir='ltr'>πρὶν</span> <span class='ocrx_word' id='word_1_50' title='bbox 451 677 500 715; x_wconf 80' lang='grc' dir='ltr'>τὰ</span> <span class='ocrx_word' id='word_1_51' title='bbox 523 676 667 728; x_wconf 88' lang='grc' dir='ltr'>Τροίας</span> <span class='ocrx_word' id='word_1_52' title='bbox 695 677 906 726; x_wconf 80' lang='grc' dir='ltr'>εἰσβαλεῖν</span> <span class='ocrx_word' id='word_1_53' title='bbox 932 675 1125 727; x_wconf 84' lang='grc' dir='ltr'>ὁρίσματα</span> 
     </span>
     <span class='ocr_line' id='line_1_10' title="bbox 269 741 1126 795; baseline 0 -13"><span class='ocrx_word' id='word_1_54' title='bbox 269 741 420 794; x_wconf 89' lang='grc' dir='ltr'>γυναῖκ’</span> <span class='ocrx_word' id='word_1_55' title='bbox 446 743 535 793; x_wconf 84' lang='grc' dir='ltr'>ἐμοί</span> <span class='ocrx_word' id='word_1_56' title='bbox 557 759 604 782; x_wconf 92' lang='grc' dir='ltr'>σε</span> <span class='ocrx_word' id='word_1_57' title='bbox 629 741 722 784; x_wconf 83' lang='grc' dir='ltr'>δοὺς</span> <span class='ocrx_word' id='word_1_58' title='bbox 746 741 935 795; x_wconf 86' lang='grc' dir='ltr'>ὑπέσχεθ’</span> <span class='ocrx_word' id='word_1_59' title='bbox 959 742 1126 794; x_wconf 83' lang='grc' dir='ltr'>ὕστερον</span> 
     </span>
     <span class='ocr_line' id='line_1_11' title="bbox 269 806 1497 862; baseline 0.001 -15"><span class='ocrx_word' id='word_1_60' title='bbox 269 811 322 862; x_wconf 81' lang='grc' dir='ltr'>τῷ</span> <span class='ocrx_word' id='word_1_61' title='bbox 347 811 416 849; x_wconf 83' lang='grc' dir='ltr'>νῦν</span> <span class='ocrx_word' id='word_1_62' title='bbox 441 807 480 847; x_wconf 82' lang='grc' dir='ltr'>σ’</span> <span class='ocrx_word' id='word_1_63' title='bbox 505 808 650 861; x_wconf 86' lang='grc' dir='ltr'>ἔχοντι,</span> <span class='ocrx_word' id='word_1_64' title='bbox 681 806 832 862; x_wconf 81' lang='grc' dir='ltr'>Τρῳάδ’</span> <span class='ocrx_word' id='word_1_65' title='bbox 859 809 891 848; x_wconf 81' lang='grc' dir='ltr'>εἰ</span> <span class='ocrx_word' id='word_1_66' title='bbox 916 806 1059 861; x_wconf 88' lang='grc' dir='ltr'>πέρσοι</span> <span class='ocrx_word' id='word_1_67' title='bbox 1083 809 1214 849; x_wconf 89' lang='grc' dir='ltr'>πόλιν.</span> <span class='ocrx_word' id='word_1_68' title='bbox 1434 819 1497 853; x_wconf 91' lang='lat'>970</span> 
     </span>
     <span class='ocr_line' id='line_1_12' title="bbox 272 873 1193 928; baseline 0.001 -13"><span class='ocrx_word' id='word_1_69' title='bbox 272 875 357 915; x_wconf 87' lang='grc' dir='ltr'>ἐπεὶ</span> <span class='ocrx_word' id='word_1_70' title='bbox 383 873 415 914; x_wconf 86' lang='grc' dir='ltr'>δ’</span> <span class='ocrx_word' id='word_1_71' title='bbox 441 874 664 928; x_wconf 82' lang='grc' dir='ltr'>Ἀχιλλέως</span> <span class='ocrx_word' id='word_1_72' title='bbox 693 873 793 927; x_wconf 77' lang='grc' dir='ltr'>δεῦρ’</span> <span class='ocrx_word' id='word_1_73' title='bbox 819 874 1038 926; x_wconf 85' lang='grc' dir='ltr'>ἐνόστησεν</span> <span class='ocrx_word' id='word_1_74' title='bbox 1063 875 1193 927; x_wconf 84' lang='grc' dir='ltr'>γόνος,</span> 
     </span>
     <span class='ocr_line' id='line_1_13' title="bbox 271 940 1212 996; baseline 0 -16"><span class='ocrx_word' id='word_1_75' title='bbox 271 944 329 996; x_wconf 80' lang='grc' dir='ltr'>σῷ</span> <span class='ocrx_word' id='word_1_76' title='bbox 354 943 425 992; x_wconf 81' lang='grc' dir='ltr'>μὲν</span> <span class='ocrx_word' id='word_1_77' title='bbox 452 940 653 995; x_wconf 82' lang='grc' dir='ltr'>συνέγνων</span> <span class='ocrx_word' id='word_1_78' title='bbox 682 942 811 993; x_wconf 88' lang='grc' dir='ltr'>πατρί,</span> <span class='ocrx_word' id='word_1_79' title='bbox 839 941 907 982; x_wconf 85' lang='grc' dir='ltr'>τὸν</span> <span class='ocrx_word' id='word_1_80' title='bbox 932 941 964 981; x_wconf 71' lang='grc' dir='ltr'>δ’</span> <span class='ocrx_word' id='word_1_81' title='bbox 987 942 1212 992; x_wconf 87' lang='grc' dir='ltr'>ε’λισσόμην</span> 
     </span>
     <span class='ocr_line' id='line_1_14' title="bbox 271 1006 1164 1061; baseline 0.002 -14"><span class='ocrx_word' id='word_1_82' title='bbox 271 1006 419 1060; x_wconf 83' lang='grc' dir='ltr'>γάμους</span> <span class='ocrx_word' id='word_1_83' title='bbox 444 1008 605 1060; x_wconf 83' lang='grc' dir='ltr'>ἀφεῖναι</span> <span class='ocrx_word' id='word_1_84' title='bbox 633 1009 739 1053; x_wconf 89' lang='grc' dir='ltr'>σούς,</span> <span class='ocrx_word' id='word_1_85' title='bbox 768 1009 863 1059; x_wconf 78' lang='grc' dir='ltr'>ἐμὰς</span> <span class='ocrx_word' id='word_1_86' title='bbox 887 1008 1017 1060; x_wconf 87' lang='grc' dir='ltr'>λέγων</span> <span class='ocrx_word' id='word_1_87' title='bbox 1042 1008 1164 1061; x_wconf 90' lang='grc' dir='ltr'>τύχας</span> 
     </span>
     <span class='ocr_line' id='line_1_15' title="bbox 273 1074 1224 1127; baseline 0 -13"><span class='ocrx_word' id='word_1_88' title='bbox 273 1074 334 1114; x_wconf 84' lang='grc' dir='ltr'>καὶ</span> <span class='ocrx_word' id='word_1_89' title='bbox 359 1074 428 1115; x_wconf 84' lang='grc' dir='ltr'>τὸν</span> <span class='ocrx_word' id='word_1_90' title='bbox 452 1075 627 1127; x_wconf 90' lang='grc' dir='ltr'>παρόντα</span> <span class='ocrx_word' id='word_1_91' title='bbox 654 1074 818 1126; x_wconf 82' lang='grc' dir='ltr'>δαίμον’,</span> <span class='ocrx_word' id='word_1_92' title='bbox 847 1075 898 1116; x_wconf 85' lang='grc' dir='ltr'>ὡς</span> <span class='ocrx_word' id='word_1_93' title='bbox 924 1075 1054 1127; x_wconf 87' lang='grc' dir='ltr'>φίλων</span> <span class='ocrx_word' id='word_1_94' title='bbox 1078 1077 1151 1125; x_wconf 79' lang='grc' dir='ltr'>μὲν</span> <span class='ocrx_word' id='word_1_95' title='bbox 1176 1074 1224 1114; x_wconf 78' lang='grc' dir='ltr'>ἂν</span> 
     </span>
     <span class='ocr_line' id='line_1_16' title="bbox 271 1140 1496 1195; baseline 0.002 -15"><span class='ocrx_word' id='word_1_96' title='bbox 271 1140 435 1193; x_wconf 86' lang='grc' dir='ltr'>γήμαιμ’</span> <span class='ocrx_word' id='word_1_97' title='bbox 461 1141 527 1182; x_wconf 86' lang='grc' dir='ltr'>ἀπ’</span> <span class='ocrx_word' id='word_1_98' title='bbox 553 1142 718 1194; x_wconf 85' lang='grc' dir='ltr'>ἀνδρῶν,</span> <span class='ocrx_word' id='word_1_99' title='bbox 746 1141 904 1182; x_wconf 81' lang='grc' dir='ltr'>ἔκτοθεν</span> <span class='ocrx_word' id='word_1_100' title='bbox 929 1141 961 1181; x_wconf 85' lang='grc' dir='ltr'>δ’</span> <span class='ocrx_word' id='word_1_101' title='bbox 987 1141 1032 1181; x_wconf 85' lang='grc' dir='ltr'>οὐ</span> <span class='ocrx_word' id='word_1_102' title='bbox 1055 1141 1209 1195; x_wconf 74' lang='grc' dir='ltr'>ῥᾳδίως,</span> <span class='ocrx_word' id='word_1_103' title='bbox 1431 1153 1496 1186; x_wconf 90' lang='grc'>975</span> 
     </span>
     <span class='ocr_line' id='line_1_17' title="bbox 219 1194 1161 1260; baseline 0 -13"><span class='ocrx_word' id='word_1_104' title='bbox 219 1194 431 1260; x_wconf 45' lang='grc' dir='ltr'>ἢφεύγων</span> <span class='ocrx_word' id='word_1_105' title='bbox 457 1207 522 1249; x_wconf 87' lang='grc' dir='ltr'>ἀπ’</span> <span class='ocrx_word' id='word_1_106' title='bbox 548 1209 665 1248; x_wconf 84' lang='grc' dir='ltr'>οἴκων</span> <span class='ocrx_word' id='word_1_107' title='bbox 692 1208 737 1249; x_wconf 72' lang='grc' dir='ltr'>ἃς</span> <span class='ocrx_word' id='word_1_108' title='bbox 757 1208 835 1259; x_wconf 86' lang='grc' dir='ltr'>ἐγὼ</span> <span class='ocrx_word' id='word_1_109' title='bbox 862 1207 996 1260; x_wconf 83' lang='grc' dir='ltr'>φεύγω</span> <span class='ocrx_word' id='word_1_110' title='bbox 1019 1205 1161 1260; x_wconf 82' lang='grc' dir='ltr'>φυγάς.</span> 
     </span>
     <span class='ocr_line' id='line_1_18' title="bbox 271 1272 1220 1327; baseline 0.001 -13"><span class='ocrx_word' id='word_1_111' title='bbox 271 1272 291 1314; x_wconf 79' lang='grc' dir='ltr'><em>ὃ</em></span> <span class='ocrx_word' id='word_1_112' title='bbox 317 1273 349 1314; x_wconf 75' lang='grc' dir='ltr'>δ’</span> <span class='ocrx_word' id='word_1_113' title='bbox 374 1273 421 1325; x_wconf 81' lang='grc' dir='ltr'>ἦν</span> <span class='ocrx_word' id='word_1_114' title='bbox 444 1274 639 1327; x_wconf 79' lang='grc' dir='ltr'>ὑβριστὴς</span> <span class='ocrx_word' id='word_1_115' title='bbox 665 1275 719 1316; x_wconf 84' lang='grc' dir='ltr'>εἵς</span> <span class='ocrx_word' id='word_1_116' title='bbox 745 1273 778 1314; x_wconf 88' lang='grc' dir='ltr'>τ’</span> <span class='ocrx_word' id='word_1_117' title='bbox 806 1275 899 1325; x_wconf 84' lang='grc' dir='ltr'>ἐμῆς</span> <span class='ocrx_word' id='word_1_118' title='bbox 923 1274 1067 1326; x_wconf 84' lang='grc' dir='ltr'>μητρὸς</span> <span class='ocrx_word' id='word_1_119' title='bbox 1093 1275 1220 1327; x_wconf 87' lang='grc' dir='ltr'>φόνον</span> 
     </span>
     <span class='ocr_line' id='line_1_19' title="bbox 271 1339 1139 1392; baseline 0 -11"><span class='ocrx_word' id='word_1_120' title='bbox 271 1339 339 1383; x_wconf 82' lang='grc' dir='ltr'>τάς</span> <span class='ocrx_word' id='word_1_121' title='bbox 366 1340 398 1381; x_wconf 89' lang='grc' dir='ltr'>θ’</span> <span class='ocrx_word' id='word_1_122' title='bbox 424 1341 673 1392; x_wconf 82' lang='grc' dir='ltr'>αἱματωποὺς</span> <span class='ocrx_word' id='word_1_123' title='bbox 701 1343 791 1383; x_wconf 79' lang='grc' dir='ltr'>θεὰς</span> <span class='ocrx_word' id='word_1_124' title='bbox 816 1341 1014 1391; x_wconf 79' lang='grc' dir='ltr'>ὀνειδίζων</span> <span class='ocrx_word' id='word_1_125' title='bbox 1041 1342 1139 1392; x_wconf 85' lang='grc' dir='ltr'>ἐμοί.</span> 
     </span>
     <span class='ocr_line' id='line_1_20' title="bbox 273 1407 1114 1461; baseline 0.001 -14"><span class='ocrx_word' id='word_1_126' title='bbox 273 1408 378 1460; x_wconf 83' lang='grc' dir='ltr'>κάγὼ</span> <span class='ocrx_word' id='word_1_127' title='bbox 402 1408 584 1450; x_wconf 86' lang='grc' dir='ltr'>ταπεινὸς</span> <span class='ocrx_word' id='word_1_128' title='bbox 610 1407 663 1449; x_wconf 82' lang='grc' dir='ltr'>ὢν</span> <span class='ocrx_word' id='word_1_129' title='bbox 689 1408 828 1461; x_wconf 82' lang='grc' dir='ltr'>τύχαις</span> <span class='ocrx_word' id='word_1_130' title='bbox 852 1412 936 1450; x_wconf 86' lang='grc' dir='ltr'>ταῖς</span> <span class='ocrx_word' id='word_1_131' title='bbox 961 1409 1114 1448; x_wconf 80' lang='grc' dir='ltr'>οἴκοθεν</span> 
     </span>
     <span class='ocr_line' id='line_1_21' title="bbox 271 1473 1498 1528; baseline 0.001 -15"><span class='ocrx_word' id='word_1_132' title='bbox 271 1473 420 1526; x_wconf 81' lang='grc' dir='ltr'>ἤλγουν</span> <span class='ocrx_word' id='word_1_133' title='bbox 444 1476 516 1526; x_wconf 77' lang='grc' dir='ltr'>μὲν</span> <span class='ocrx_word' id='word_1_134' title='bbox 541 1474 704 1527; x_wconf 83' lang='grc' dir='ltr'>ἤλγουν,</span> <span class='ocrx_word' id='word_1_135' title='bbox 733 1478 957 1527; x_wconf 82' lang='grc' dir='ltr'>συμφοραῖς</span> <span class='ocrx_word' id='word_1_136' title='bbox 983 1474 1014 1514; x_wconf 84' lang='grc' dir='ltr'>δ’</span> <span class='ocrx_word' id='word_1_137' title='bbox 1040 1474 1268 1528; x_wconf 80' lang='grc' dir='ltr'>ἠνειχόμην,</span> <span class='ocrx_word' id='word_1_138' title='bbox 1437 1478 1498 1518; x_wconf 82' lang='grc'>930</span> 
     </span>
     <span class='ocr_line' id='line_1_22' title="bbox 272 1540 1136 1596; baseline 0.002 -17"><span class='ocrx_word' id='word_1_139' title='bbox 272 1544 354 1581; x_wconf 87' lang='grc' dir='ltr'>σῶν</span> <span class='ocrx_word' id='word_1_140' title='bbox 380 1543 422 1582; x_wconf 81' lang='grc' dir='ltr'>δὲ</span> <span class='ocrx_word' id='word_1_141' title='bbox 447 1542 651 1593; x_wconf 84' lang='grc' dir='ltr'>στερηθεὶς</span> <span class='ocrx_word' id='word_1_142' title='bbox 677 1540 835 1596; x_wconf 80' lang='grc' dir='ltr'>ᾠχόμην</span> <span class='ocrx_word' id='word_1_143' title='bbox 859 1540 962 1581; x_wconf 80' lang='grc' dir='ltr'>ἄκων</span> <span class='ocrx_word' id='word_1_144' title='bbox 986 1540 1136 1593; x_wconf 89' lang='grc' dir='ltr'>γάμων.</span> 
     </span>
     <span class='ocr_line' id='line_1_23' title="bbox 271 1608 1130 1661; baseline 0.001 -13"><span class='ocrx_word' id='word_1_145' title='bbox 271 1611 340 1648; x_wconf 77' lang='grc' dir='ltr'>νῦν</span> <span class='ocrx_word' id='word_1_146' title='bbox 364 1608 444 1654; x_wconf 71' lang='grc' dir='ltr'>οὖν,</span> <span class='ocrx_word' id='word_1_147' title='bbox 473 1608 605 1658; x_wconf 81' lang='grc' dir='ltr'>ἐπειδὴ</span> <span class='ocrx_word' id='word_1_148' title='bbox 631 1611 853 1660; x_wconf 85' lang='grc' dir='ltr'>περιπετεῖς</span> <span class='ocrx_word' id='word_1_149' title='bbox 879 1608 984 1661; x_wconf 82' lang='grc' dir='ltr'>ἔχεις</span> <span class='ocrx_word' id='word_1_150' title='bbox 1008 1608 1130 1661; x_wconf 81' lang='grc' dir='ltr'>τύχας</span> 
     </span>
     <span class='ocr_line' id='line_1_24' title="bbox 273 1672 1212 1728; baseline 0.001 -14"><span class='ocrx_word' id='word_1_151' title='bbox 273 1674 336 1714; x_wconf 83' lang='grc' dir='ltr'>καὶ</span> <span class='ocrx_word' id='word_1_152' title='bbox 362 1672 567 1728; x_wconf 78' lang='grc' dir='ltr'>ξυμφορὰν</span> <span class='ocrx_word' id='word_1_153' title='bbox 591 1673 698 1725; x_wconf 87' lang='grc' dir='ltr'>τήνδ’</span> <span class='ocrx_word' id='word_1_154' title='bbox 726 1674 958 1715; x_wconf 81' lang='grc' dir='ltr'>εἰσπεσοῦσ’</span> <span class='ocrx_word' id='word_1_155' title='bbox 984 1676 1212 1728; x_wconf 86' lang='grc' dir='ltr'>ἀμηχανεῖς,</span> 
     </span>
     <span class='ocr_line' id='line_1_25' title="bbox 271 1739 1174 1794; baseline 0 -13"><span class='ocrx_word' id='word_1_156' title='bbox 271 1739 351 1792; x_wconf 76' lang='grc' dir='ltr'>ἄξω</span> <span class='ocrx_word' id='word_1_157' title='bbox 377 1741 415 1780; x_wconf 91' lang='grc' dir='ltr'>σ’</span> <span class='ocrx_word' id='word_1_158' title='bbox 440 1741 506 1782; x_wconf 86' lang='grc' dir='ltr'>ἀπ’</span> <span class='ocrx_word' id='word_1_159' title='bbox 531 1743 647 1782; x_wconf 82' lang='grc' dir='ltr'>οἴκων</span> <span class='ocrx_word' id='word_1_160' title='bbox 675 1743 736 1782; x_wconf 82' lang='grc' dir='ltr'>καὶ</span> <span class='ocrx_word' id='word_1_161' title='bbox 762 1741 907 1794; x_wconf 83' lang='grc' dir='ltr'>πατρὸς</span> <span class='ocrx_word' id='word_1_162' title='bbox 933 1742 1047 1781; x_wconf 87' lang='grc' dir='ltr'>δώσω</span> <span class='ocrx_word' id='word_1_163' title='bbox 1074 1743 1174 1794; x_wconf 89' lang='grc' dir='ltr'>χερί.</span> 
     </span>
     <span class='ocr_line' id='line_1_26' title="bbox 270 1807 1497 1861; baseline 0.002 -15"><span class='ocrx_word' id='word_1_164' title='bbox 270 1807 315 1847; x_wconf 87' lang='grc' dir='ltr'>τὸ</span> <span class='ocrx_word' id='word_1_165' title='bbox 340 1810 530 1861; x_wconf 81' lang='grc' dir='ltr'>συγγενὲς</span> <span class='ocrx_word' id='word_1_166' title='bbox 556 1811 630 1861; x_wconf 82' lang='grc' dir='ltr'>γὰρ</span> <span class='ocrx_word' id='word_1_167' title='bbox 654 1809 795 1855; x_wconf 79' lang='grc' dir='ltr'>δεινόν,</span> <span class='ocrx_word' id='word_1_168' title='bbox 823 1808 866 1849; x_wconf 89' lang='grc' dir='ltr'>ἔν</span> <span class='ocrx_word' id='word_1_169' title='bbox 889 1825 931 1849; x_wconf 84' lang='grc' dir='ltr'>τε</span> <span class='ocrx_word' id='word_1_170' title='bbox 955 1812 1037 1850; x_wconf 91' lang='grc' dir='ltr'>τοῖς</span> <span class='ocrx_word' id='word_1_171' title='bbox 1063 1811 1195 1849; x_wconf 83' lang='grc' dir='ltr'>κακοῖς</span> <span class='ocrx_word' id='word_1_172' title='bbox 1437 1812 1497 1852; x_wconf 82' lang='lat'>985</span> 
     </span>
     <span class='ocr_line' id='line_1_27' title="bbox 272 1873 1157 1927; baseline 0.002 -15"><span class='ocrx_word' id='word_1_173' title='bbox 272 1873 340 1914; x_wconf 81' lang='grc' dir='ltr'>οὐκ</span> <span class='ocrx_word' id='word_1_174' title='bbox 366 1874 479 1915; x_wconf 85' lang='grc' dir='ltr'>ἔστιν</span> <span class='ocrx_word' id='word_1_175' title='bbox 502 1875 615 1916; x_wconf 80' lang='grc' dir='ltr'>οὐδὲν</span> <span class='ocrx_word' id='word_1_176' title='bbox 641 1879 829 1925; x_wconf 85' lang='grc' dir='ltr'>κρεῖσσον</span> <span class='ocrx_word' id='word_1_177' title='bbox 855 1876 998 1915; x_wconf 84' lang='grc' dir='ltr'>οἰκείου</span> <span class='ocrx_word' id='word_1_178' title='bbox 1024 1875 1157 1927; x_wconf 89' lang='grc' dir='ltr'>φίλου.</span> 
     </span>
     <span class='ocr_line' id='line_1_28' title="bbox 173 1941 1143 1994; baseline 0.003 -14"><span class='ocrx_word' id='word_1_179' title='bbox 173 1943 242 1993; x_wconf 88' lang='grc' dir='ltr'>Ερ.</span> <span class='ocrx_word' id='word_1_180' title='bbox 263 1941 550 1993; x_wconf 84' lang='grc' dir='ltr'>νυμφευμάτων</span> <span class='ocrx_word' id='word_1_181' title='bbox 575 1944 646 1993; x_wconf 84' lang='grc' dir='ltr'>μὲν</span> <span class='ocrx_word' id='word_1_182' title='bbox 670 1946 748 1982; x_wconf 88' lang='grc' dir='ltr'>τῶν</span> <span class='ocrx_word' id='word_1_183' title='bbox 773 1944 876 1993; x_wconf 84' lang='grc' dir='ltr'>ἐμῶν</span> <span class='ocrx_word' id='word_1_184' title='bbox 900 1942 1025 1994; x_wconf 71' lang='grc' dir='ltr'>πατὴρ</span> <span class='ocrx_word' id='word_1_185' title='bbox 1052 1941 1143 1991; x_wconf 82' lang='grc' dir='ltr'>ε’μδς</span> 
     </span>
     <span class='ocr_line' id='line_1_29' title="bbox 270 2007 1115 2061; baseline 0 -14"><span class='ocrx_word' id='word_1_186' title='bbox 270 2007 461 2060; x_wconf 88' lang='grc' dir='ltr'>μέριμναν</span> <span class='ocrx_word' id='word_1_187' title='bbox 486 2008 577 2060; x_wconf 81' lang='grc' dir='ltr'>ἔξει,</span> <span class='ocrx_word' id='word_1_188' title='bbox 606 2009 698 2049; x_wconf 87' lang='grc' dir='ltr'>κούκ</span> <span class='ocrx_word' id='word_1_189' title='bbox 724 2009 817 2060; x_wconf 80' lang='grc' dir='ltr'>ἐμὸν</span> <span class='ocrx_word' id='word_1_190' title='bbox 844 2010 988 2061; x_wconf 88' lang='grc' dir='ltr'>κρίνειν</span> <span class='ocrx_word' id='word_1_191' title='bbox 1013 2008 1115 2048; x_wconf 86' lang='grc' dir='ltr'>τόδε.</span> 
     </span>
     <span class='ocr_line' id='line_1_30' title="bbox 214 2099 1498 2144; baseline -0.002 -10"><span class='ocrx_word' id='word_1_192' title='bbox 214 2103 275 2141; x_wconf 87' lang='lat'>961</span> <span class='ocrx_word' id='word_1_193' title='bbox 303 2102 447 2143; x_wconf 84' lang='grc' dir='ltr'>φύλακας</span> <span class='ocrx_word' id='word_1_194' title='bbox 464 2102 494 2132; x_wconf 93' lang='lat' dir='ltr'>V</span> <span class='ocrx_word' id='word_1_195' title='bbox 512 2103 636 2143; x_wconf 79' lang='grc' dir='ltr'>(φιλίας</span> <span class='ocrx_word' id='word_1_196' title='bbox 655 2103 702 2144; x_wconf 80' lang='grc' dir='ltr'>Η)</span> <span class='ocrx_word' id='word_1_197' title='bbox 794 2102 898 2142; x_wconf 80' lang='grc' dir='ltr'>μένεις</span> <span class='ocrx_word' id='word_1_198' title='bbox 917 2101 949 2131; x_wconf 90' lang='grc' dir='ltr'><strong>Μ</strong></span> <span class='ocrx_word' id='word_1_199' title='bbox 962 2101 1012 2131; x_wconf 89' lang='lat' dir='ltr'>V:</span> <span class='ocrx_word' id='word_1_200' title='bbox 1038 2111 1124 2131; x_wconf 83' lang='lat' dir='ltr'>corr.</span> <span class='ocrx_word' id='word_1_201' title='bbox 1145 2099 1187 2130; x_wconf 79' lang='lat' dir='ltr'>V²</span> <span class='ocrx_word' id='word_1_202' title='bbox 1322 2101 1386 2139; x_wconf 87' lang='lat'>962</span> <span class='ocrx_word' id='word_1_203' title='bbox 1412 2100 1498 2141; x_wconf 83' lang='grc' dir='ltr'>φόνῳ</span> 
     </span>
    </p>
   </div>
   <div class='ocr_carea' id='block_1_3' title="bbox 170 2143 1498 2230">
    <p class='ocr_par' dir='ltr' id='par_1_3' title="bbox 170 2143 1498 2230">
     <span class='ocr_line' id='line_1_31' title="bbox 174 2143 1498 2186; baseline 0.001 -11"><span class='ocrx_word' id='word_1_204' title='bbox 174 2145 342 2184; x_wconf 81' lang='lat' dir='ltr'>Lenting:</span> <span class='ocrx_word' id='word_1_205' title='bbox 367 2146 460 2186; x_wconf 83' lang='grc' dir='ltr'>φόβῳ</span> <span class='ocrx_word' id='word_1_206' title='bbox 477 2146 571 2177; x_wconf 86' lang='lat' dir='ltr'>codd.</span> <span class='ocrx_word' id='word_1_207' title='bbox 594 2150 627 2177; x_wconf 77' lang='lat' dir='ltr'>et</span> <span class='ocrx_word' id='word_1_208' title='bbox 644 2150 667 2180; x_wconf 85' lang='grc' dir='ltr'>Σ</span> <span class='ocrx_word' id='word_1_209' title='bbox 775 2147 838 2185; x_wconf 68' lang='grc'>964</span> <span class='ocrx_word' id='word_1_210' title='bbox 864 2146 922 2177; x_wconf 81' lang='grc' dir='ltr'>σὰς</span> <span class='ocrx_word' id='word_1_211' title='bbox 940 2147 974 2177; x_wconf 81' lang='grc' dir='ltr'>οὐ</span> <span class='ocrx_word' id='word_1_212' title='bbox 991 2144 1093 2185; x_wconf 82' lang='grc' dir='ltr'>μένων</span> <span class='ocrx_word' id='word_1_213' title='bbox 1111 2144 1138 2174; x_wconf 83' lang='grc' dir='ltr'><em>Ρ</em></span> <span class='ocrx_word' id='word_1_214' title='bbox 1247 2143 1311 2182; x_wconf 83' lang='lat'>965</span> <span class='ocrx_word' id='word_1_215' title='bbox 1336 2143 1454 2185; x_wconf 78' lang='grc' dir='ltr'>λόγους</span> <span class='ocrx_word' id='word_1_216' title='bbox 1473 2143 1498 2173; x_wconf 91' lang='grc' dir='ltr'><em>Ρ</em></span> 
     </span>
     <span class='ocr_line' id='line_1_32' title="bbox 170 2186 1498 2230; baseline -0.001 -11"><span class='ocrx_word' id='word_1_217' title='bbox 170 2190 236 2228; x_wconf 88' lang='grc'>966</span> <span class='ocrx_word' id='word_1_218' title='bbox 260 2189 372 2230; x_wconf 76' lang='grc' dir='ltr'>πέμψω</span> <span class='ocrx_word' id='word_1_219' title='bbox 390 2190 485 2220; x_wconf 85' lang='lat' dir='ltr'>codd.</span> <span class='ocrx_word' id='word_1_220' title='bbox 504 2201 511 2220; x_wconf 81' lang='lat' dir='ltr'><strong><em>z</em></strong></span> <span class='ocrx_word' id='word_1_221' title='bbox 539 2200 622 2220; x_wconf 80' lang='lat' dir='ltr'>corr.</span> <span class='ocrx_word' id='word_1_222' title='bbox 644 2190 759 2220; x_wconf 82' lang='lat' dir='ltr'>Heath</span> <span class='ocrx_word' id='word_1_223' title='bbox 863 2190 927 2228; x_wconf 87' lang='lat'>969</span> <span class='ocrx_word' id='word_1_224' title='bbox 952 2201 989 2220; x_wconf 84' lang='grc' dir='ltr'>σε</span> <span class='ocrx_word' id='word_1_225' title='bbox 1007 2189 1076 2220; x_wconf 80' lang='grc' dir='ltr'>δοὺς</span> <span class='ocrx_word' id='word_1_226' title='bbox 1095 2186 1149 2219; x_wconf 80' lang='grc' dir='ltr'>εἷθ’</span> <span class='ocrx_word' id='word_1_227' title='bbox 1171 2187 1196 2217; x_wconf 88' lang='grc' dir='ltr'>Ρ</span> <span class='ocrx_word' id='word_1_228' title='bbox 1299 2196 1364 2226; x_wconf 85' lang='grc'>970</span> <span class='ocrx_word' id='word_1_229' title='bbox 1386 2186 1498 2228; x_wconf 82' lang='grc' dir='ltr'>πέρσοι</span> 
     </span>
    </p>
   </div>
   <div class='ocr_carea' id='block_1_4' title="bbox 171 2230 1498 2361">
    <p class='ocr_par' dir='ltr' id='par_1_4' title="bbox 171 2230 1498 2361">
     <span class='ocr_line' id='line_1_33' title="bbox 173 2230 1495 2274; baseline 0.001 -12"><span class='ocrx_word' id='word_1_230' title='bbox 173 2233 198 2262; x_wconf 92' lang='lat' dir='ltr'>L</span> <span class='ocrx_word' id='word_1_231' title='bbox 215 2244 222 2263; x_wconf 89' lang='lat'>:</span> <span class='ocrx_word' id='word_1_232' title='bbox 245 2231 356 2274; x_wconf 81' lang='grc' dir='ltr'>πέρσει</span> <span class='ocrx_word' id='word_1_233' title='bbox 375 2232 447 2263; x_wconf 78' lang='lat' dir='ltr'><strong>rell.</strong></span> <span class='ocrx_word' id='word_1_234' title='bbox 602 2242 665 2273; x_wconf 85' lang='lat'>975</span> <span class='ocrx_word' id='word_1_235' title='bbox 689 2236 789 2274; x_wconf 85' lang='grc' dir='ltr'>γῆμαι</span> <span class='ocrx_word' id='word_1_236' title='bbox 806 2233 838 2272; x_wconf 86' lang='grc' dir='ltr'>μ’</span> <span class='ocrx_word' id='word_1_237' title='bbox 858 2232 888 2262; x_wconf 87' lang='grc' dir='ltr'>Μ</span> <span class='ocrx_word' id='word_1_238' title='bbox 903 2231 985 2261; x_wconf 79' lang='lat' dir='ltr'>AV²</span> <span class='ocrx_word' id='word_1_239' title='bbox 1095 2230 1202 2273; x_wconf 72' lang='grc' dir='ltr'>ῥᾴδιον</span> <span class='ocrx_word' id='word_1_240' title='bbox 1221 2230 1298 2260; x_wconf 78' lang='lat' dir='ltr'>LV²</span> <span class='ocrx_word' id='word_1_241' title='bbox 1317 2231 1440 2273; x_wconf 80' lang='grc' dir='ltr'>(ῥᾳδίως</span> <span class='ocrx_word' id='word_1_242' title='bbox 1458 2230 1495 2269; x_wconf 86' lang='grc' dir='ltr'>Σ)</span> 
     </span>
     <span class='ocr_line' id='line_1_34' title="bbox 171 2273 1498 2317; baseline -0.002 -11"><span class='ocrx_word' id='word_1_243' title='bbox 171 2277 235 2314; x_wconf 87' lang='lat'>980</span> <span class='ocrx_word' id='word_1_244' title='bbox 259 2276 423 2317; x_wconf 85' lang='grc' dir='ltr'>συμφορὰς</span> <span class='ocrx_word' id='word_1_245' title='bbox 442 2275 594 2315; x_wconf 85' lang='lat' dir='ltr'>Scaliger</span> <span class='ocrx_word' id='word_1_246' title='bbox 705 2275 876 2317; x_wconf 83' lang='grc' dir='ltr'>ἐνειχόμην</span> <span class='ocrx_word' id='word_1_247' title='bbox 896 2275 1043 2305; x_wconf 88' lang='lat' dir='ltr'>Dindorf</span> <span class='ocrx_word' id='word_1_248' title='bbox 1179 2275 1239 2313; x_wconf 89' lang='lat'>981</span> <span class='ocrx_word' id='word_1_249' title='bbox 1268 2276 1326 2306; x_wconf 81' lang='grc' dir='ltr'>σοῦ</span> <span class='ocrx_word' id='word_1_250' title='bbox 1344 2279 1376 2304; x_wconf 84' lang='lat' dir='ltr'>et</span> <span class='ocrx_word' id='word_1_251' title='bbox 1393 2273 1498 2315; x_wconf 73' lang='grc' dir='ltr'>ὄγκων</span> 
     </span>
     <span class='ocr_line' id='line_1_35' title="bbox 174 2317 1496 2361; baseline -0.002 -12"><span class='ocrx_word' id='word_1_252' title='bbox 174 2318 221 2350; x_wconf 85' lang='lat' dir='ltr'>V:</span> <span class='ocrx_word' id='word_1_253' title='bbox 248 2318 313 2351; x_wconf 63' lang='lat'>6:221&gt;</span> <span class='ocrx_word' id='word_1_254' title='bbox 335 2324 368 2349; x_wconf 84' lang='lat' dir='ltr'>et</span> <span class='ocrx_word' id='word_1_255' title='bbox 389 2332 440 2361; x_wconf 89' lang='grc' dir='ltr'>γρ.</span> <span class='ocrx_word' id='word_1_256' title='bbox 468 2321 551 2352; x_wconf 81' lang='grc' dir='ltr'>ἄκων</span> <span class='ocrx_word' id='word_1_257' title='bbox 574 2319 614 2349; x_wconf 80' lang='lat' dir='ltr'>V²</span> <span class='ocrx_word' id='word_1_258' title='bbox 746 2321 811 2359; x_wconf 85' lang='lat'>985</span> <span class='ocrx_word' id='word_1_259' title='bbox 844 2325 918 2361; x_wconf 84' lang='lat' dir='ltr'>Xop.</span> <span class='ocrx_word' id='word_1_260' title='bbox 945 2318 1048 2358; x_wconf 76' lang='lat' dir='ltr'>praes.</span> <span class='ocrx_word' id='word_1_261' title='bbox 1077 2317 1254 2348; x_wconf 82' lang='lat' dir='ltr'>Hermann</span> <span class='ocrx_word' id='word_1_262' title='bbox 1343 2317 1420 2358; x_wconf 75' lang='grc' dir='ltr'>γὰρ]</span> <span class='ocrx_word' id='word_1_263' title='bbox 1446 2330 1496 2347; x_wconf 82' lang='grc' dir='ltr'>τοι</span> 
     </span>
    </p>
   </div>
   <div class='ocr_carea' id='block_1_5' title="bbox 174 2360 1225 2403">
    <p class='ocr_par' dir='ltr' id='par_1_5' title="bbox 174 2360 1225 2403">
     <span class='ocr_line' id='line_1_36' title="bbox 174 2360 1225 2403; baseline -0.001 -11"><span class='ocrx_word' id='word_1_264' title='bbox 174 2361 347 2392; x_wconf 80' lang='lat' dir='ltr'>Hermann</span> <span class='ocrx_word' id='word_1_265' title='bbox 482 2363 546 2401; x_wconf 88' lang='lat'>988</span> <span class='ocrx_word' id='word_1_266' title='bbox 572 2364 639 2403; x_wconf 80' lang='grc' dir='ltr'>ἐμοὶ</span> <span class='ocrx_word' id='word_1_267' title='bbox 660 2388 664 2394; x_wconf 93' lang='grc'><em>.</em></span> <span class='ocrx_word' id='word_1_268' title='bbox 685 2386 691 2393; x_wconf 90' lang='grc'><em>.</em></span> <span class='ocrx_word' id='word_1_269' title='bbox 716 2387 720 2392; x_wconf 91' lang='grc'><em>.</em></span> <span class='ocrx_word' id='word_1_270' title='bbox 739 2363 816 2394; x_wconf 76' lang='grc' dir='ltr'>τάδε</span> <span class='ocrx_word' id='word_1_271' title='bbox 833 2362 862 2392; x_wconf 88' lang='lat' dir='ltr'>V</span> <span class='ocrx_word' id='word_1_272' title='bbox 879 2373 884 2392; x_wconf 75' lang='grc' dir='ltr'>τ</span> <span class='ocrx_word' id='word_1_273' title='bbox 910 2372 993 2392; x_wconf 75' lang='lat' dir='ltr'><strong>corr.</strong></span> <span class='ocrx_word' id='word_1_274' title='bbox 1012 2362 1053 2391; x_wconf 73' lang='lat' dir='ltr'>V²</span> <span class='ocrx_word' id='word_1_275' title='bbox 1073 2363 1163 2402; x_wconf 69' lang='grc' dir='ltr'>(τάδε</span> <span class='ocrx_word' id='word_1_276' title='bbox 1180 2360 1225 2402; x_wconf 76' lang='grc' dir='ltr'>Α)</span> 
     </span>
    </p>
   </div>
  </div>
 </body>
</html>
