1651 2780
632 111 977 150 ΕΥΡΙΠΙΔΟΥ

233 215 362 261 τέκνα,
388 213 441 266 μή
466 231 503 255 τι
527 213 670 266 πάθηθ’
697 215 747 257 ὡς
771 217 991 267 ὑπεραλγῶ.

233 283 341 323 δεινὰ
364 280 562 335 τυράννων
586 280 744 332 λήματα
770 284 835 323 καί
855 299 936 323 πως

233 348 336 402 ὀλίγ’
361 349 586 402 ἀρχόμενοι,
615 350 748 389 πολλὰ
773 353 1002 401 κρατοῦντες
1401 363 1462 385 ¹20

235 419 423 470 χαλεπῶς
447 416 565 468 ὀργᾶς
592 415 931 467 μεταβάλλουσιν.

234 483 278 523 τὸ
302 484 377 535 γὰρ
402 483 573 523 εἰθίσθαι
601 483 668 533 ζῆν
692 483 753 524 ἐπ’
777 485 929 524 ἵσοισιν

237 553 435 602 κρεῖσσον·
473 550 559 601 ε’μοὶ
584 553 676 602 γοῦν
703 551 745 590 ἐν
768 550 820 602 μὴ
844 549 1033 603 μεγάλοις

235 618 386 670 ὀχυρῶς
409 615 445 668 γ’
471 617 530 667 εἴη
557 616 883 669 καταγηράσκειν.

236 686 314 723 τῶν
337 684 412 735 γὰρ
435 683 603 736 μετρίων
628 687 761 735 πρῶτα
783 686 855 735 μὲν
881 685 1004 725 εἰπεῖν
1405 696 1464 728 1²5

235 749 406 800 τοῦνομα
431 754 529 804 νικᾷ,
557 751 735 803 χρῆσθαί
756 768 798 791 τε
821 754 953 805 μακρῷ

238 819 376 870 λῷστα
401 819 623 866 βροτοῖσιν·
662 817 710 855 τὰ
734 815 766 855 δ’
792 817 1087 868 ὑπερβάλλοντ’

238 881 377 923 οὐδένα
403 881 534 934 καιρὸν
560 881 718 922 δύναται
744 884 910 932 θνητοῖς·

236 949 389 1000 μείζους
415 948 447 988 δ’
473 948 579 995 ἄτας,
607 949 702 989 ὅταν
726 949 895 1006 ὀργισθῇ

304 1015 453 1067 δαίμων
477 1017 609 1061 οἴκοις,
637 1015 847 1056 ἀπέδωκεν.
1407 1030 1468 1062 130

143 1101 304 1131 ΧΟΡΟΣ

240 1160 380 1201 ἔκλυον
406 1159 556 1212 φωνάν,
583 1160 722 1202 ἔκλυον
747 1162 788 1201 δὲ
812 1162 917 1212 βοὰν

240 1230 308 1269 τᾶς
333 1226 526 1268 δυστάνου
552 1229 763 1281 Κολχίδος,
790 1226 878 1268 οὐδέ
902 1245 962 1269 πω

303 1294 430 1345 ἤπιος·
468 1294 561 1335 ἀλλ’
586 1292 616 1334 ὦ
641 1294 796 1347 γηραιά,
918 1348 922 1352 .

239 1359 371 1411 λέξον·
412 1361 472 1402 ἐπ’
497 1362 726 1413 ἀμφιπύλου
752 1363 826 1414 γὰρ
852 1362 932 1402 ἔσω
959 1360 1156 1415 μελάθρου
1181 1364 1285 1414 βοὰν
1407 1375 1467 1407 135

240 1427 393 1468 ἔκλυον·
431 1427 520 1469 οὐδὲ
545 1427 774 1480 συνήδομαι,
802 1426 831 1467 ὦ
855 1429 982 1481 γύναι,
1009 1428 1178 1481 ἄλγεσιν

240 1496 431 1545 δώματος·
467 1495 559 1536 ἐπεί
577 1512 644 1547 μοι
668 1496 790 1548 φίλον
815 1494 1036 1548 κέκρανται.

140 1563 211 1613 Τρ.
242 1559 309 1600 οὐκ
335 1560 413 1600 εἶσὶ
439 1560 562 1611 δόμοι·
602 1563 754 1612 φροῦδα
776 1559 859 1601 τάδ’
883 1560 969 1611 ἤδη.

241 1626 310 1667 τὸν
334 1628 407 1677 μὲν
431 1628 506 1679 γὰρ
530 1626 614 1680 ἔχει
639 1626 784 1679 λέκτρα
809 1626 1020 1679 τυράννων,
1408 1642 1471 1673 140

242 1694 265 1733 ἃ
290 1693 322 1733 δ’
349 1694 390 1733 ἐν
414 1692 605 1744 θαλάμοις
629 1693 737 1734 τάκει
760 1696 901 1745 βιοτὰν

242 1759 445 1806 δέσποινα,
473 1760 604 1812 φίλων
629 1760 786 1803 οὐδενὸς
810 1761 922 1802 οὐδὲν

190 1863 246 1884 121
280 1852 451 1894 χαλεπῶς]
473 1854 623 1894 χαλεπὰς
649 1853 762 1884 Naber
897 1864 957 1893 123
990 1856 1058 1894 ἐμοὶ
1081 1857 1161 1895 γοῦν
1186 1853 1304 1886 Nauck
1327 1853 1376 1895 (et
1398 1853 1469 1894 D):

144 1897 246 1938 ἔμοιγ’
272 1896 326 1928 οὖν
357 1898 455 1927 codd.
485 1901 518 1927 et
550 1901 574 1930 Σ
694 1900 728 1929 ἐν
754 1898 797 1937 μὴ
824 1897 979 1939 μεγάλοις
1007 1897 1196 1928 Mikkelsen
1231 1898 1286 1932 (es.
1317 1902 1362 1931 Σε
1398 1899 1468 1930 ἀντὶ

143 1942 213 1972 τοῦ·
246 1941 274 1972 εἶ
295 1941 340 1979 μὴ
364 1940 493 1983 μεγάλῃ
519 1941 568 1973 καὶ
602 1941 853 1983 ὑπερβαλλούσῃ
881 1942 1024 1983 εὐτυχίᾳ,
1051 1941 1106 1972 ubi
1131 1941 1311 1980 legendum
1336 1942 1470 1972 videtur

144 1986 178 2015 ἐν
208 1994 270 2023 pro
303 1986 369 2024 εἶ);
401 1985 430 2016 εἴ
458 1985 501 2024 μὴ
532 1984 684 2025 μεγάλως
715 1985 811 2016 codd.
841 1990 875 2015 et
902 1989 926 2018 Σ
1104 1995 1164 2023 124
1194 1985 1227 2026 γ’
1257 1984 1404 2016 Reiske:
1436 1983 1468 2016 τ’

143 2028 238 2057 codd.
397 2029 457 2058 128
489 2039 520 2059 v.
548 2034 742 2068 suspectus.
794 2028 923 2059 Habuit
955 2033 979 2061 Σ
1082 2028 1212 2060 δύναται
1245 2030 1371 2066 θνητοῖς
1403 2027 1467 2059 del.

143 2070 276 2101 Verrall
417 2071 559 2113 θνητοῖς]
578 2075 706 2113 βροτοῖς
723 2072 753 2102 V
933 2081 992 2110 130
1017 2071 1130 2110 οἵκοιςἹ
1149 2071 1257 2112 ὄγκοις
1275 2071 1468 2109 Housman,

144 2113 183 2144 cl.
202 2114 238 2145 fr.
258 2115 373 2153 adesp.
394 2125 455 2153 547
636 2125 696 2155 133
718 2116 835 2157 γηραιά
851 2116 881 2146 V
896 2127 902 2146 :
925 2115 1038 2157 ’γεραιά
1053 2115 1084 2146 Α
1099 2114 1126 2144 Β
1141 2114 1166 2144 L
1181 2115 1207 2145 P
1226 2115 1339 2154 (ἀλλά,
1356 2114 1470 2157 ’γεραιά

147 2157 337 2193 Hermann)
491 2168 549 2198 135
583 2160 664 2196 βοὰν
692 2159 893 2192 VBLP2:
923 2160 1034 2198 μολὼν
1059 2158 1112 2189 A:
1142 2160 1222 2199 γόον
1247 2158 1401 2198 Elmsley
1426 2157 1470 2188 ob

145 2206 298 2239 metrum,
314 2207 348 2231 ut
362 2202 501 2241 putabat
627 2203 687 2242 136
710 2203 733 2234 ὦ
746 2212 809 2232 om.
825 2202 850 2232 P
864 2202 896 2233 I:
923 2202 949 2232 L
964 2212 1031 2232 non
1045 2202 1188 2241 legibilis
1315 2202 1376 2241 138
1401 2201 1470 2233 ἐπεί

143 2259 195 2284 μοι
212 2245 241 2275 V
256 2245 282 2275 B
299 2245 323 2275 L
339 2245 364 2275 Ρ
381 2257 387 2276 :
413 2245 483 2278 εἶπέ
503 2260 555 2286 μοι
573 2245 604 2276 Α
620 2257 626 2276 :
652 2247 719 2278 ἐπεὶ
743 2246 786 2285 μὴ
803 2245 862 2276 vl:
889 2245 1035 2275 sortasse
1050 2244 1120 2276 εἶπέ
1139 2258 1191 2283 μοι
1215 2247 1246 2276 εἴ
1263 2258 1295 2276 τι
1315 2248 1360 2284 μὴ
1378 2244 1426 2286 (εἴ
1438 2257 1469 2275 τι

140 2292 183 2330 μὴ
202 2290 369 2330 Badham)
460 2291 556 2331 φίλον
573 2292 741 2333 κέκρανται
759 2289 851 2320 codd.
871 2294 905 2320 et
921 2293 957 2326 Σ,
974 2288 1014 2320 Cf.
1037 2288 1076 2320 fr.
1095 2297 1137 2327 52
1149 2287 1197 2319 N:
1221 2288 1303 2328 φίλα
1319 2288 1468 2331 κέκραται

141 2335 162 2373 l,
179 2344 246 2373 quo
264 2336 427 2374 deceptus
444 2335 538 2375 φιλία
554 2334 703 2376 κέκραται
722 2333 853 2364 Porson
953 2342 1013 2371 140
1036 2333 1094 2364 τὸν
1112 2331 1311 2371 Musgrave:
1337 2335 1354 2364 ὁ
1370 2332 1465 2362 codd.

145 2378 261 2418 λέκτρα
280 2378 349 2408 AV
362 2378 409 2408 B:
437 2381 524 2416 δῶμα
544 2377 568 2407 Ῑ,
581 2377 606 2406 Ρ
743 2386 798 2415 141
827 2376 846 2408 ἃ
862 2375 906 2416 6⁹]
924 2375 944 2413 ἡ
961 2376 989 2407 δ’
1008 2375 1105 2406 codd.
1199 2375 1289 2413 τήκει
1307 2374 1338 2404 Α
