1651 2780
612 88 960 126 ΕΥΡΙΠΙΔΟΥ

215 192 237 242 ἦ
265 192 387 244 κάρτα
413 191 517 243 δόξει
544 195 624 234 τοῖς
651 195 781 234 κακοῖς
808 191 843 243 γ’
874 190 974 232 εἶναι
1001 189 1114 230 καλά.

215 263 318 310 μισῶ
345 260 385 300 δὲ
411 259 472 299 καὶ
497 261 565 301 τὰς
592 259 805 311 σώφρονας
831 260 904 309 μὲν
931 259 971 297 ἐν
997 258 1148 309 λόγοις,

215 325 343 380 λάθρᾳ
368 328 410 367 δὲ
435 326 584 377 τόλμας
611 326 655 366 οὐ
682 327 804 367 καλὰς
834 323 1085 375 κεκτημένας.

216 393 255 433 αἲ
280 396 361 434 πῶς
387 392 485 439 ποτ’,
513 391 542 433 ὦ
569 391 760 433 δέσποινα
787 393 927 432 ποντία
955 391 1096 442 Κύπρι,
1388 401 1453 432 415

216 458 442 510 βλέπουσιν
468 460 507 501 ἐς
534 460 730 512 πρόσωπα
756 462 834 499 τῶν
860 458 1099 509 ξυνευνετῶν

217 526 306 567 οὐδὲ
333 527 477 567 σκότον
505 527 728 578 φρίσσουσι
753 525 822 566 τὸν
848 523 1089 577 ξυνεργάτην

216 592 387 644 τέραμνά
411 592 443 633 τ’
471 594 587 634 οἴκων
611 592 664 644 μή
691 609 787 634 ποτε
816 591 999 644 φθογγὴν
1025 591 1131 647 ἆφῇ,·

270 656 371 707 ἡμᾶς
396 658 472 708 ’γὰρ
497 657 592 697 αὐτὸ
618 656 721 697 τοῦτ’
748 657 985 703 ἀποκτείνει,
1013 657 1144 710 φίλαι,

219 724 269 765 ὡς
293 722 435 775 μήποτ’
460 723 582 776 ἄνδρα
606 723 675 763 τὸν
701 723 796 774 ἐμὸν
823 722 1036 776 αἰσχύνασ’
1063 724 1161 768 ἁλῶ,
1392 733 1456 765 420

217 790 269 842 μὴ
295 793 435 832 παῖδας
460 790 525 832 οὓς
551 790 716 831 ἔτικτον·
755 789 846 831 ἀλλ’
872 791 1072 842 ἐλεύθεροι

219 859 418 912 παρρησίᾳ
443 851 661 899 θάλλοντες
687 858 831 898 οἰκοῖεν
858 857 976 897 πόλιν

221 928 385 966 κλεινῶν
410 924 603 975 Ἀθηνῶν,
629 923 774 976 μητρὸς
800 923 925 964 οὕνεκ’
953 922 1136 964 εὐκλεεῖς.

219 994 356 1032 δουλοῖ
377 992 450 1043 γὰρ
477 990 609 1043 ἄνδρα,
638 990 709 1031 κᾶν
735 990 1101 1044 θρασύσπλαγχνός
1127 1006 1186 1031 τις
1210 987 1243 1046 ᾗ,

219 1059 313 1099 ὅταν
338 1057 494 1114 ξυνειδῇ
519 1057 663 1111 μητρὸς
689 1054 712 1108 ἢ
739 1056 886 1110 πατρὸς
912 1056 1022 1098 κακά.
1395 1068 1457 1099 4²5

219 1126 340 1176 μόνον
366 1127 408 1166 δὲ
432 1125 549 1165 τοῦτό
574 1124 674 1177 φασ’
700 1126 948 1176 ἁμιλλᾶσθαι
973 1125 1065 1179 βίῳ,

221 1192 380 1245 γνώμην
406 1193 559 1233 δικαίαν
587 1168 775 1245 κάγαθήν,
804 1192 880 1247 ὅτῳ
906 1192 1022 1248 παρῇ.

222 1260 360 1302 κακοὺς
387 1261 427 1300 δὲ
454 1262 606 1310 θνητῶν
634 1258 807 1314 ἐξέφην’,
834 1259 929 1300 ὅταν
954 1258 1068 1315 τύχῃ,

221 1328 378 1378 προθεὶς
406 1326 623 1379 κάτοπτρον
650 1327 754 1368 ὥστε
779 1325 958 1380 παρθένῳ
983 1324 1053 1379 νέᾳ

222 1394 377 1448 χρόνος·
418 1393 505 1446 παρ’
531 1394 613 1434 οἶσι
637 1393 782 1444 μήποτ’
808 1393 974 1446 ὀφθείην
1001 1392 1090 1444 ἐγώ.
1396 1401 1460 1433 430

122 1465 193 1502 Xo.
222 1464 297 1513 φεῦ
322 1464 410 1513 φεῦ·
448 1461 492 1501 τὸ
518 1464 684 1513 σῶφρον
711 1460 762 1503 ὡς
789 1462 1019 1512 ἁπανταχοῦ
1048 1457 1170 1499 καλὸν

224 1528 285 1568 καὶ
311 1525 429 1577 δόξαν
456 1527 606 1578 ἐσθλὴν
634 1529 675 1568 ἐν
701 1530 863 1579 βροτοῖς
890 1526 1127 1578 καρπίζεται.

121 1598 192 1647 Τρ.
222 1594 411 1640 δέσποιν’,
440 1595 528 1645 ε’μοί
551 1611 610 1634 τοι
636 1596 823 1646 συμφορὰ
848 1595 921 1644 μὲν
947 1593 1111 1645 ἀρτίως·

222 1662 245 1712 ἡ
273 1660 324 1712 σὴ
350 1660 529 1713 παρέσχε
555 1660 682 1701 δεινὸν
709 1659 898 1711 ἐξαίφνης
924 1660 1072 1711 φόβων

224 1731 292 1769 νῦν
317 1727 350 1768 δ’
377 1729 583 1778 ε’ννοοῦμαι
609 1730 761 1780 φαῦλος
788 1726 900 1777 offo-aff
941 1726 1011 1766 κάν
1038 1727 1199 1777 βροτοῖς
1395 1736 1458 1767 435

225 1797 263 1836 αἱ
288 1795 468 1847 δεύτεραί
490 1811 572 1836 πως
598 1794 807 1846 φροντίδες
834 1793 1074 1846 σοφώτεραι.

224 1863 269 1903 οὐ
292 1864 368 1914 γὰρ
395 1861 591 1915 περισσὸν
616 1860 729 1901 οὐδὲν
756 1859 834 1900 οὐδ’
861 1858 935 1910 ἔξω
961 1860 1085 1912 λόγου

225 1928 437 1971 πέπονθας·
476 1930 589 1982 ὀργαὶ
615 1928 647 1968 δ’
675 1930 715 1970 ἐς
742 1927 780 1968 σ’
809 1927 1052 1980 ἀπέσκηψαν
1078 1930 1181 1970 θεᾶς.

168 2032 229 2061 412
255 2022 330 2063 δόξη
347 2022 415 2062 (vel
433 2024 481 2065 -ῃ)
501 2023 533 2053 Μ
546 2023 618 2054 AV
630 2024 657 2054 B
675 2035 681 2054 :
708 2033 794 2055 corr.
814 2023 858 2053 Α“2
871 2022 912 2053 13²
1003 2024 1111 2054 κακοῖς
1127 2021 1160 2063 γ’
1180 2020 1212 2051 Μ
1225 2019 1255 2050 V
1267 2019 1294 2051 B
1312 2030 1318 2050 :
1341 2019 1373 2060 γ’
1391 2028 1454 2049 om.

125 2065 155 2095 A
171 2066 232 2096 LP
386 2076 449 2105 415
479 2068 524 2108 αἳ]
552 2069 586 2100 αῖ
609 2067 640 2098 Μ
824 2067 888 2105 418
916 2066 1057 2107 τέραμνα
1082 2065 1130 2095 L:
1162 2065 1302 2107 τέρεμνα
1327 2062 1359 2093 Κ
1384 2062 1454 2092 rell.

126 2119 190 2148 419
218 2110 391 2142 ἀποκτενεῖ
414 2110 573 2142 KMBV
754 2121 815 2150 424
850 2109 1071 2152 θρασύστομος
1097 2108 1197 2147 Diog.
1224 2108 1335 2139 Laert.
1360 2116 1390 2144 4.
1418 2115 1456 2144 51

126 2155 190 2191 426
213 2152 247 2184 δὲ
266 2155 316 2186 καὶ
337 2154 362 2184 L
467 2158 545 2197 φασὶ
563 2157 649 2189 τοῦθ’
671 2155 766 2187 Stob.
786 2164 838 2194 90.
863 2163 896 2183 ΙΙ
1079 2162 1141 2191 427
1168 2150 1249 2192 ὅτῳ]
1267 2151 1346 2182 ὅταν
1363 2149 1458 2181 Stob.

126 2207 190 2235 429
213 2200 361 2238 προσθεὶς
385 2200 411 2230 P
523 2200 675 2242 παρθένος
701 2199 757 2232 νέα
784 2197 849 2228 LP
1026 2206 1091 2236 430
1115 2197 1158 2234 μὴ
1183 2193 1401 2237 προσοφθείην
1427 2191 1459 2222 Κ

127 2250 186 2279 431
215 2242 271 2281 ⁶³05]
290 2247 354 2276 πῶς
372 2245 398 2274 L
414 2245 440 2275 P
532 2244 704 2284 ἄπανταχῆ
724 2243 750 2273 L
769 2242 883 2273 Haun.
905 2245 937 2272 et
957 2240 1052 2271 Stob.
1071 2250 1099 2279 5.
1120 2249 1162 2270 20
1285 2247 1349 2277 432
1373 2235 1459 2276 κομί-

129 2283 215 2323 ζεται
242 2285 305 2316 LP
331 2288 424 2319 Stob.
451 2293 483 2319 ct
510 2288 587 2318 Chr.
619 2288 691 2318 Pat.
719 2296 783 2325 549
917 2295 980 2323 433
1010 2284 1079 2323 ἐμοί
1103 2284 1131 2314 τ’
1157 2297 1183 2314 οι
1209 2282 1228 2321 ἡ
1255 2280 1401 2322 συμφορὰ
1427 2277 1459 2309 Μ

129 2329 192 2367 438
218 2330 407 2372 ἀπέσκηψαν
426 2331 455 2361 Λ
470 2331 495 2361 Β
511 2332 536 2361 L
548 2332 573 2361 Ρ
591 2343 596 2361 :
623 2329 809 2370 ἐπέσκηψαν
828 2328 858 2359 K
875 2328 906 2358 M
923 2329 951 2358 V
964 2327 1003 2358 L2
