1651 2780
611 116 955 153 ΕΎῬΙΠΙΔΟΎ

217 219 353 271 λόγοις
379 221 420 259 δὲ
447 220 606 270 συμβὰς
634 219 696 259 καὶ
723 222 823 260 θεῶν
848 219 1049 270 ἀνώμοτος

218 286 370 338 Ῠφίλος
396 284 515 338 γένοι’
541 285 589 326 ἂν
614 282 1086 338 τάπικηρυκεύματα·-Ί“

218 352 286 393 οὐκ
310 351 359 393 ἂν
383 353 526 392 πίθοιο·
564 353 669 404 τάμὰ
693 354 766 403 μὲν
790 354 866 405 γὰρ
892 353 1054 403 ἀσθενῆ,

217 423 300 461 τοῖς
323 418 356 459 δ’
381 420 508 470 ὄλβος
534 420 622 460 ἐστὶ
650 420 712 460 καὶ
738 420 857 471 δόμος
882 420 1121 472 τυραννικός.
1378 431 1446 463 740

118 489 178 526 Αι.
217 481 405 536 ’Ϋπολλὴν
430 484 569 536 ἔλεξας
597 487 638 527 ἐν
664 487 802 539 λόγοις
828 481 1097 538 προμηθίαν·Ί”

217 551 320 598 ἀλλ’,
350 554 383 593 εἰ
408 555 515 593 δοκεῖ
539 570 617 599 σοι,
646 555 741 605 δρᾶν
766 552 850 593 τάδ’
877 553 944 593 οὐκ
970 554 1207 606 ἀφίσταμαι.

218 620 308 670 ἐμοί
328 636 369 660 τε
396 621 470 672 γὰρ
494 619 577 660 τάδ’
604 621 717 661 ἐστὶν
743 619 1049 672 ἀσφαλέστατα,

218 687 370 739 σκῆψίν
395 685 468 727 τιν’
495 688 655 740 ἐχθροῖς
681 691 768 730 σοῖς
795 687 940 740 ἔχοντα
966 687 1174 734 δεικνύναι,

217 753 260 793 τὸ
287 753 360 794 σόν
385 753 417 793 τ’
444 752 563 807 ἄραρε
587 757 757 805 μᾶλλον·
797 752 938 807 ἐξηγοῦ
962 754 1087 797 θεούς.
1378 765 1443 798 745

115 823 196 871 Μη.
215 821 312 871 ὄμνυ
336 819 456 861 πέδον
476 823 566 871 Γῆς,
594 820 746 873 πατέρα
771 820 806 862 θ’
824 820 976 862 ἽΙλιον
1002 820 1150 874 πατρὸς

214 887 367 938 τούμοῦ,
395 889 496 944 θεῶν
520 903 562 928 τε
591 888 790 930 συντιθεὶς
815 888 920 929 ἅπαν
944 887 1072 940 γένος.

114 956 176 993 Αι.
214 954 254 994 τί
275 956 409 1007 χρῆμα
434 953 594 1007 δράσειν
619 951 643 1005 ἢ
669 955 709 995 τί
730 954 782 1005 μὴ
809 954 989 1006 δράσειν,·
1026 953 1135 1007 λέγε.

114 1022 194 1071 Μη.
213 1019 301 1071 μήτ’
328 1019 443 1062 αὐτὸς
469 1022 511 1060 ἐκ
534 1023 608 1073 γῆς
634 1023 708 1071 σῆς
734 1020 792 1072 ἔμ’
818 1022 1008 1072 ἐκβαλεῖν
1032 1037 1141 1067 ποτε,

211 1086 299 1138 μήτ’
326 1086 449 1129 ἄλλος
473 1086 521 1138 ἤν
546 1104 605 1129 τις
629 1091 707 1128 τῶν
732 1088 836 1138 ἐμῶν
860 1088 1012 1141 ἐχθρῶν
1036 1087 1148 1141 ἄγειν
1382 1098 1445 1133 750

211 1154 348 1210 χρῄζῃ,
375 1153 566 1205 μεθήσειν
594 1154 667 1204 ζῶν
695 1155 863 1209 ἑκουσίῳ
887 1154 1031 1209 τρόπῳ.

113 1224 174 1261 Αι.
213 1222 355 1271 ὄμνυμι
381 1223 503 1261 Γαΐαν
529 1218 688 1272 (Ηλιόυ
716 1219 750 1260 θ’
775 1220 897 1273 ἁγνὸν
923 1217 1069 1273 σέβας)

212 1288 322 1329 θεούς
347 1304 388 1327 τε
414 1287 562 1329 πάντας
587 1288 768 1339 ἐμμενεῖν
794 1286 818 1327 ἅ
844 1304 917 1328 σου
943 1288 1059 1328 κλύω.

112 1357 194 1405 Μη.
214 1354 333 1406 ἀρκεῖ·
371 1355 410 1394 τί
433 1354 464 1393 δ’
490 1355 590 1409 ὅρκῳ
617 1357 715 1409 τῷδε
740 1354 794 1405 μὴ
820 1353 990 1405 ’μμένων
1013 1354 1173 1402 πάθοις,·

112 1424 173 1461 Αι.
211 1421 234 1460 ἃ
259 1423 364 1460 τοῖσι
389 1423 637 1471 δυσσεβοῦσι
663 1422 841 1473 γίγνεται
866 1425 1034 1473 βροτῶν.
1377 1431 1441 1464 755

111 1490 191 1538 Μη.
210 1487 359 1541 χαίρων
385 1488 562 1539 πορεύου·
599 1487 727 1528 πάντα
753 1489 828 1541 γὰρ
855 1491 984 1530 καλῶς
1009 1487 1104 1541 ἔχει.

153 1590 214 1620 737
240 1581 400 1620 ἀνώμοτος
416 1580 458 1610 13²
473 1580 520 1619 (et
536 1580 578 1621 D)
594 1591 600 1611 z
626 1580 667 1611 cs.
684 1584 707 1614 Σ
725 1580 766 1611 ad
780 1590 809 1611 V-
828 1590 888 1619 735
905 1581 962 1620 (μὴ
979 1580 1113 1619 ὀμόσας)
1129 1592 1135 1613 :
1163 1581 1322 1620 ἐνώμοτος
1340 1581 1437 1612 codd.

109 1628 142 1655 et
159 1629 182 1658 Σ
199 1623 294 1661 alius,
314 1624 356 1654 ad
373 1634 402 1656 v.
423 1634 484 1663 737
504 1625 547 1663 (εἴ
564 1624 721 1662 συνθήκας
741 1624 918 1663 ἐνωμότους
935 1624 1099 1662 ποιήσαιο)
1258 1625 1321 1663 738
1346 1625 1441 1665 φίλος

108 1666 207 1708 γένοι’
223 1669 261 1700 ἂν
277 1667 372 1698 codd.
391 1671 424 1697 et
442 1672 465 1701 Σ
480 1679 486 1697 z
511 1669 606 1708 ψιλὸς
622 1666 723 1708 γένοι’
738 1668 776 1699 ἂν
787 1667 918 1698 Verrall
999 1666 1303 1709 τᾶπικηρυκεύματα
1318 1668 1438 1707 scripsi

748 1710 755 1721 ἱ
799 1712 806 1723 ὶ
852 1711 860 1723 l
903 1711 911 1721 π

109 1754 143 1786 δέ
160 1762 260 1795 φησιν
284 1754 448 1786 ἐλλείπειν
471 1755 532 1793 τὴν
555 1754 642 1793 διοί>ε
669 1753 984 1794 κὰπικηρυκεύμασιν
1007 1755 1097 1793 (κάπὶ
1122 1753 1337 1795 κηρυκεύμασι
1354 1754 1437 1795 VP)

109 1798 205 1829 codd.
224 1808 267 1828 ex
281 1797 491 1828 correctione
505 1797 594 1837 apud
607 1802 631 1831 Σ
651 1797 729 1836 (ἔδει
746 1798 809 1838 γὰρ
824 1798 925 1829 εἰπεῖν
938 1799 987 1828 καὶ
1001 1800 1067 1829 τοῖς
1082 1797 1369 1838 ἐπικηρυκεύμασιν
1382 1800 1438 1830 οὐκ

108 1843 146 1873 ἂν
167 1841 304 1877 πίθοιο);
338 1841 450 1871 locum
472 1841 519 1871 sic
542 1841 693 1880 disponit
717 1840 851 1878 Arnim,
871 1843 896 1872 ὁ.
917 1841 960 1880 μὴ
984 1839 1088 1881 ζυγεὶς
1111 1841 1206 1881 φίλος
1227 1853 1260 1880 γ.
1281 1841 1329 1877 ἄν,
1349 1842 1437 1872 κάπι·

107 1884 318 1926 κηρυκεύματι
351 1885 485 1925 ἄγουσιν
516 1885 554 1916 ἂν
585 1890 674 1921 κτλ.,
705 1888 739 1913 et
773 1884 951 1923 ἐνώμοτοςε
991 1884 1162 1922 corruptio
1195 1884 1259 1913 iam
1290 1883 1438 1922 Didymo

106 1928 277 1966 antiquior
372 1937 435 1967 739
452 1929 508 1959 οὐκ
521 1929 560 1960 ἂν
571 1928 672 1959 πίθοιο
693 1927 775 1965 ‘Alz,
792 1938 858 1957 non
885 1931 919 1956 tn
935 1938 985 1957 me
996 1926 1108 1958 audies
1118 1927 1147 1956 J’
1240 1936 1298 1965 741
1319 1927 1437 1968 ἔδειξας

107 1971 267 2010 Sigonius
387 1973 421 2003 ἐν
437 1970 549 2011 λόγοις
568 1971 593 2000 L
606 1970 632 2001 P
648 1982 654 2000 :
679 1970 702 2002 ὦ
719 1970 812 2011 γύναι
829 1970 861 2000 Α
873 1970 904 2000 V
917 1970 967 2000 Bl
1114 1980 1174 2009 743
1199 1970 1438 2010 ἀσφαλέστατα

105 2015 136 2045 Α
147 2015 178 2044 V
190 2015 216 2044 B
230 2015 258 2045 l:
293 2014 524 2055 ἀσφαλέστερα
550 2014 575 2044 L
591 2014 616 2044 P
627 2025 647 2044 v
775 2023 837 2053 745
868 2012 897 2045 τ’
924 2015 1017 2055 ἄραρε
1041 2013 1113 2043 AV
1125 2013 1151 2042 Β
1165 2025 1170 2044 ;
1202 2014 1228 2045 δ’
1254 2014 1347 2054 ἄρηρε
1373 2014 1398 2044 L
1411 2014 1437 2044 P

107 2059 169 2096 746
193 2058 305 2097 ὄμνυμι
322 2057 353 2088 Α
370 2068 445 2088 cum
464 2058 616 2088 Eustath.
637 2057 674 2089 11.
693 2067 725 2097 p.
743 2059 807 2096 436
913 2071 965 2098 γρ.
984 2057 1078 2095 ἡλίου
1095 2057 1120 2087 θ’
1139 2056 1239 2097 ἁγνὸν
1256 2056 1355 2093 σέβας
1371 2061 1396 2091 Σ
1408 2056 1436 2087 Β

105 2106 140 2132 et
158 2101 188 2130 in
207 2102 356 2140 margine
373 2101 402 2131 l:
428 2102 504 2132 vide
523 2106 591 2132 not.
608 2101 649 2132 ad
663 2112 692 2132 v.
709 2110 771 2139 752
873 2102 935 2138 748
960 2100 1058 2141 &paim
1074 2099 1104 2130 A
1119 2113 1165 2131 ειν
1181 2109 1347 2139 suprascr.
1367 2100 1409 2130 A¹
1428 2111 1435 2130 :

103 2145 147 2184 μὴ
165 2147 277 2186 δρᾶσαι
296 2144 322 2174 Ρ
339 2154 506 2184 suprascr.
527 2155 548 2175 v
681 2153 739 2183 751
769 2142 829 2184 ζῶν
846 2142 873 2173 Ρ
890 2148 923 2173 et
940 2144 1014 2173 sine
1032 2143 1131 2173 dubio
1152 2143 1177 2173 L
1193 2154 1199 2172 ε
1227 2144 1289 2183 γῆς
1304 2156 1354 2184 γρ.
1375 2143 1435 2183 ζῶν

103 2188 134 2218 Ι;
161 2190 223 2228 γῆς
247 2187 358 2218 AVB
494 2198 555 2227 752
582 2190 676 2229 ya‘ime
701 2187 732 2217 A
758 2200 795 2219 αν
819 2196 986 2226 suprascr.
1012 2185 1054 2215 A¹
1149 2186 1260 2218 Ἡλίου
1284 2186 1310 2217 θ’
1335 2185 1434 2227 ἁγνὸν

105 2230 206 2269 σέβας
226 2231 358 2262 Porson
385 2241 404 2261 e
429 2231 559 2262 scholio
584 2232 626 2261 ad
643 2241 673 2262 v.
694 2231 756 2269 746
773 2230 858 2260 male
883 2230 1075 2268 adscripto:
1107 2230 1254 2270 λαμπρὸν
1278 2228 1371 2267 ἡλίου
1395 2242 1433 2261 τε

103 2278 169 2316 φῶς
186 2273 217 2304 Α
230 2274 256 2304 L
269 2273 314 2306 P:
339 2273 485 2313 λαμπρόν
501 2273 528 2305 θ’
546 2273 640 2312 ἡλίου
657 2271 738 2313 φάος
753 2271 783 2302 V
796 2271 845 2304 D:
870 2272 1017 2312 λαμπρὸν
1033 2271 1126 2308 ἡλίου
1145 2271 1225 2312 φάος
1243 2271 1270 2302 Β
1287 2283 1294 2303 :
1319 2271 1431 2311 ὄμνυμι

103 2318 196 2359 γαίας
214 2317 351 2350 δάπεδον
368 2318 462 2356 ἡλίου
477 2331 515 2349 τε
532 2320 598 2358 φῶς
615 2316 769 2347 Badham
870 2323 933 2354 753
958 2313 1105 2354 ἐμμένειν
1122 2315 1218 2346 codd.
1311 2314 1356 2347 οἷς
1373 2327 1432 2346 σου

104 2360 189 2394 κλύω
208 2360 351 2393 Ξςὴᾱῖετι·
485 2370 547 2399 755
572 2362 698 2401 βροτοῖς
717 2359 742 2390 L
754 2358 781 2389 Ρ
