1651 2780
574 75 958 116 ΕΎΡΙΠΙΔΟΎ..

80 182 156 229 Θη.
179 177 208 219 ὦ
234 178 353 220 πόλλ’
377 179 666 232 ἁμαρτάνοντες
692 179 892 232 ἄνθρωποι
916 179 1055 231 μάτην,

178 246 218 285 τί
239 245 284 296 δὴ
309 245 453 299 τέχνας
476 248 549 297 μὲν
574 247 712 298 μυρίας
737 246 942 287 διδάσκετε

180 313 241 353 καὶ
267 311 394 354 πάντα
417 315 653 367 μηχανᾶσθε
680 311 966 366 κάξευρίσκετε,

179 379 220 420 ἓν
245 379 277 419 δ’
303 379 371 420 οὐκ
399 380 610 420 ἐπίστασθ’
635 379 715 421 οὐδ’
741 379 994 433 ἐθηράσασθέ
1019 397 1092 426 πω,

179 450 343 499 φρονεῖν
369 446 570 488 διδάσκειν
597 447 702 488 οἶσιν
729 448 798 489 οὐκ
824 447 955 488 ἔνεστι
980 450 1088 494 νοῦς,·
1340 458 1407 490 9²0

83 516 139 554 Ιπ.
179 513 307 555 δεινὸν
333 514 537 567 σοφιστὴν
564 514 687 560 εἶπας,
716 515 827 556 ὅστις
854 515 894 555 εῦ
921 517 1083 567 φρονεῖν

178 581 267 624 τοὺς
291 581 343 632 μὴ
372 585 617 634 φρονοῦντας
642 582 805 623 δυνατός
828 580 911 622 ἐστ’
937 579 1175 633 ἀναγκάσαι.

178 647 269 688 ἀλλ’
295 648 339 688 οὐ
363 650 438 701 γὰρ
466 650 507 689 ἐν
531 648 660 689 δέοντι
685 652 956 701 λεπτουργεῖς,
984 647 1119 699 πάτερ,

177 714 331 756 δέδοικα
355 714 407 766 μή
434 732 508 756 σου
533 715 690 767 γλῶσσ’
717 714 926 774 ὑπερβάλῃ
954 718 1096 757 κακοῖς.

79 783 156 832 Θη.
178 785 265 834 φεῦ,
293 784 392 835 χρῆν
417 786 603 834 βροτοῖσι
628 786 704 823 τῶν
731 784 863 835 φίλων
888 780 1096 833 τεκμήριον
1342 793 1405 826 9²5

179 848 308 901 σαφές
332 865 370 889 τι
396 851 550 889 κεῖσθαι
576 850 639 889 καὶ
665 848 884 901 διάγνωσιν
910 852 1080 901 φρενῶν,

177 916 287 957 ὅστις
313 914 345 954 τ’
372 914 521 965 ἀληθής
546 916 658 955 ἐστιν
684 916 727 957 ὅς
751 933 794 956 τε
817 914 870 966 μὴ
897 917 1030 968 φίλος,

178 981 321 1024 δισσάς
346 999 388 1023 τε
414 983 550 1034 φωνᾶς
574 981 724 1023 πάντας
749 982 978 1035 ἀνθρώπους
1002 981 1123 1035 ἔχειν,

177 1048 247 1099 τὴν
271 1050 344 1100 μὲν
369 1050 535 1095 δικαίαν,
563 1048 634 1099 τὴν
660 1048 692 1089 δ’
719 1049 825 1091 ὅπως
849 1049 1080 1102 ἐτύγχανεν,

178 1115 228 1157 ὡς
254 1115 276 1167 ἡ
304 1119 510 1168 φρονοῦσα
534 1115 657 1156 τᾶδικ’
683 1114 923 1169 ἐξηλέγχετο
1342 1127 1408 1157 930

178 1181 273 1235 πρὸς
298 1185 367 1234 τῆς
393 1184 556 1229 δικαίας,
585 1182 676 1223 κούκ
701 1182 750 1223 ἂν
774 1182 1025 1234 ἠπατώμεθα.

82 1251 138 1288 Ιπ.
177 1249 268 1290 ἀλλ’
294 1248 317 1300 ἦ
341 1266 400 1291 τις
425 1250 464 1292 ἐς
491 1249 564 1290 σὸν
589 1250 655 1292 οὓς
679 1267 727 1302 με
753 1250 961 1301 διαβαλὼν
986 1249 1070 1302 ἔχει

178 1317 323 1368 φίλων,
350 1320 545 1367 νοσοῦμεν
571 1316 603 1357 δ’
629 1316 740 1358 οὐδὲν
766 1318 876 1358 ὄντες
901 1318 1036 1363 αἵτιοι,·

177 1382 220 1423 ἔκ
244 1400 304 1423 τοι
329 1382 573 1435 πέπληγμαι·
612 1384 677 1424 σοὶ
702 1385 778 1436 γὰρ
803 1382 1086 1433 ἐκπλήσσουσί
1106 1399 1154 1434 με

176 1450 293 1502 λόγοι
317 1449 675 1502 παραλλάσσοντες
699 1450 851 1502 ἔξεδροι
876 1453 1046 1503 φρενῶν.
1341 1460 1404 1492 935

78 1518 155 1566 Θη.
178 1520 253 1568 φεῦ
278 1519 346 1568 τῆς
370 1518 569 1569 βροτείας·
609 1521 680 1558 ποῖ
701 1516 969 1569 προβήσεται;
1009 1516 1166 1569 φρενός.

177 1584 218 1624 τί
239 1582 360 1636 τέρμα
384 1584 534 1635 τόλμης
560 1584 622 1624 καὶ
648 1583 818 1635 θράσους
842 1582 1073 1636 γενήσεται;

178 1651 210 1691 εἰ
236 1652 310 1703 γὰρ
338 1650 418 1690 κατ’
445 1650 586 1702 ἀνδρὸς
611 1651 750 1701 βίοτον
775 1650 1054 1701 ἐξογκώσεται,

178 1717 198 1755 ὁ
224 1716 256 1757 δ’
282 1717 446 1769 ὕστερος
472 1720 541 1757 τοῦ
566 1717 739 1768 πρόσθεν
766 1717 820 1759 εἷς
843 1715 1072 1768 ὑπερβολὴν

176 1786 396 1836 πανοῦργος
421 1783 546 1829 ἔσται,
576 1785 704 1824 θεοῖσι
730 1786 983 1835 προσβαλεῖν
1007 1782 1122 1836 χθονὶ
1337 1793 1405 1825 940

176 1848 306 1900 ἄλλην
331 1849 466 1900 δεήσει
491 1853 621 1902 γαῖαν,
647 1848 670 1899 ἢ
697 1848 923 1902 χωρήσεται

175 1915 265 1959 τοὺς
289 1916 340 1967 μὴ
367 1918 539 1965 δικαίους
566 1917 627 1956 καὶ
654 1916 793 1958 κακοὺς
819 1916 1056 1968 πεφυκότας.

243 1982 455 2036 σκέψασθε
480 1983 514 2023 δ’
541 1985 581 2025 ἐς
604 1982 722 2028 τόνδ’,
750 1983 863 2024 ὅστις
889 1981 934 2032 ἐξ
957 1984 1052 2032 ἐμοῦ
1076 1982 1203 2034 γεγὼς

117 2076 181 2114 916
194 2076 303 2108 πολλὰ
314 2075 527 2115 μανθάνοντες
542 2074 719 2106 Markland
737 2075 861 2117 (πολλὰ
875 2074 1081 2113 ἐπιστάμενοι
1096 2075 1135 2111 Σ)
1225 2082 1289 2112 919
1307 2071 1341 2104 ἓν
1358 2070 1403 2112 δ’]

76 2118 137 2149 ἕνθ’
154 2118 186 2149 Α
275 2119 346 2151 οὐδὲ
365 2122 500 2161 Θηρᾶσθε
516 2119 546 2149 V
558 2119 584 2149 L
709 2129 774 2157 920
799 2118 883 2151 αἷσιν
900 2121 956 2150 οὐκ
973 2118 1044 2149 ἔστι
1060 2116 1104 2147 Α2
1224 2126 1288 2155 924
1312 2117 1403 2156 ὑπερ-

74 2161 194 2198 βάλλοι
214 2161 288 2192 ΜΟ
306 2174 312 2192 :
337 2162 512 2203 ὑπερβάλοι
530 2162 598 2193 BV
773 2163 838 2200 926
863 2162 1063 2202 δια-γνωστὸν
1087 2159 1132 2191 L:
1159 2170 1243 2191 corr.
1268 2158 1308 2189 L²
1323 2159 1375 2189 vel
1393 2158 1407 2188 l

72 2215 136 2244 927
162 2206 251 2237 ὅστις
268 2206 311 2244 μὴ
330 2206 355 2235 L
368 2206 398 2236 O
553 2206 618 2245 928
643 2204 696 2245 τε]
715 2204 750 2237 δὲ
766 2205 795 2234 V
808 2205 834 2234 P
988 2214 1048 2243 931
1077 2205 1132 2235 οὐκ
1150 2204 1188 2235 ἃν
1203 2203 1252 2234 V:
1278 2212 1363 2233 corr.
1384 2212 1404 2232 v

73 2258 136 2287 932
160 2247 180 2285 ἦ
197 2248 268 2279 ΑΒ
290 2249 335 2289 χῆ)
355 2252 398 2281 Σε
425 2251 455 2280 εἴ
468 2248 540 2279 rell.
558 2258 724 2288 suprascr.
747 2247 775 2278 B
943 2257 1006 2286 933
1031 2247 1058 2278 δ’
1076 2257 1139 2277 om.
1160 2246 1191 2277 V
1206 2251 1240 2276 et
1257 2245 1332 2276 sort.
1355 2245 1402 2277 L:

74 2292 217 2366 cim-{lli
229 2302 248 2322 ν
357 2301 419 2331 934
444 2293 465 2331 ἤ
481 2305 530 2324 τοι
547 2291 578 2322 Α
667 2304 720 2331 μοι
738 2290 770 2321 Μ
881 2300 942 2330 941
970 2290 988 2328 ἦ
1006 2290 1037 2320 Α
1051 2290 1076 2320 L
1089 2291 1114 2320 Ι)
1223 2300 1286 2329 942
1310 2287 1401 2330 τοὺς]

74 2348 130 2368 Τας
