1651 2780
593 122 1007 164 PRAEFATIO

142 241 187 279 M
212 246 253 280 et
279 239 315 279 L
337 252 446 292 quae
469 239 737 291 peccaverint
762 251 900 290 paene
923 236 1068 277 omnia
1098 248 1189 276 esse
1211 241 1464 276 memorata.

142 307 369 348 Lectiones
393 316 692 357 correctorum,
715 321 742 346 τ’
763 314 806 347 et
828 306 848 346 l
863 312 905 346 et
928 306 962 353 b,
986 304 1234 358 saepissime
1256 304 1394 344 omisi.

200 378 248 417 In
271 369 600 429 ¹orthographia
642 382 817 428 peccata
863 375 1061 428 graviora
1106 373 1242 413 vitare
1286 379 1486 414 conatus·

139 460 246 497 sum,
262 445 639 485 Meisterhansium
665 444 964 495 Blassiumque
985 442 1072 483 sere
1094 455 1264 496 semper
1279 447 1464 490 secutus,

140 515 198 554 ita
229 521 374 554 tamen
403 520 449 553 ut
483 513 523 552 in
557 513 681 552 rebus
714 512 857 552 dubiis
886 512 1045 552 usitata
1074 510 1198 551 novis
1219 517 1465 551 constanter

138 594 463 635 praeponerem.
539 580 610 621 Sic
647 580 786 620 οὕνεκα
822 593 907 619 non
945 579 1109 618 mutavi
1145 579 1187 619 in
1224 578 1354 620 εἵνεκα
1386 577 1463 618 nisi

138 651 260 690 unius
281 650 433 690 saltem
453 649 547 690 libri
566 649 823 689 auctoritate
841 663 849 698 3
881 648 922 687 in
942 662 1122 700 persona
1139 647 1326 688 secunda
1344 646 1462 688 Med.

139 720 279 758 Praes.
299 725 341 758 et
362 719 458 759 Fut.
478 732 561 759 non
584 718 722 759 solum
749 735 792 772 -ῃ
813 717 1018 758 librorum
1043 732 1127 758 non
1150 716 1313 757 mutavi
1333 717 1375 757 in
1397 733 1462 764 -ει,

137 788 212 826 secl
245 787 374 826 etiam
408 787 450 826 in
479 787 617 827 tribus
647 786 729 825 illis
759 785 908 826 formis
939 786 1096 836 βούλει,
1119 787 1202 834 οἴει,
1226 786 1333 837 ὄψει,
1355 798 1463 838 quas

137 855 233 895 libri
275 855 334 894 sic
376 856 558 907 scriptas
600 855 854 908 plerumque
899 855 1122 908 praebent,
1162 853 1461 894 correctiorem

137 923 481 963 terminationem
515 922 690 962 restitui.
752 920 837 976 (Cf.
872 922 1009 973 Blass,
1030 921 1265 976 Ans-filled.
1302 921 1462 962 Gram-

138 998 240 1030 μιαί.
264 991 303 1029 ii.
327 1006 365 1044 p.
389 991 474 1042 60.)
538 990 700 1031 Contra
728 990 912 1031 formam
942 991 996 1032 εἰς
1024 1004 1155 1042 quam
1180 989 1268 1031 fere
1295 1002 1463 1042 semper

136 1058 304 1099 codices
325 1058 499 1111 habent,
521 1058 606 1099 fere
632 1072 802 1111 semper
831 1059 874 1099 in
908 1060 945 1100 ἐς
973 1065 1254 1099 correxerunt
1276 1058 1465 1098 editores

136 1134 339 1176 recentes,
363 1141 447 1168 non
479 1127 627 1167 studui
657 1141 866 1167 revocare.
930 1127 1135 1167 Formam
1167 1125 1366 1167 Atticam
1395 1124 1464 1176 ξύν

136 1197 178 1236 in
194 1196 409 1246 diverbiis,
427 1196 468 1236 in
486 1196 661 1236 canticis
680 1196 964 1247 ‹r151›,formam
982 1209 1258 1237 communem
1275 1195 1464 1248 reliquae

137 1265 353 1316 Graeciae,
376 1266 600 1306 rectiorem
629 1278 722 1306 esse
749 1265 904 1312 iudico,
928 1273 1125 1306 neutram
1151 1272 1297 1306 tamen
1319 1264 1463 1305 invitis

135 1334 337 1374 omnibus
360 1333 478 1373 libris
501 1334 685 1387 reposui.
748 1334 952 1374 Formam
975 1334 1088 1383 τίθης
1111 1333 1323 1374 veriorem
1344 1333 1462 1384 duxi,

135 1415 400 1455 quamquam
424 1408 598 1441 vetante
617 1401 798 1450 Cobeto,
816 1415 948 1454 quam
967 1405 1088 1444 τιθεῖς
1109 1409 1184 1442 aut
1205 1402 1317 1456 τίθῃς
1335 1413 1344 1449 ;
1376 1400 1461 1442 sor-

137 1484 254 1511 mam
274 1468 440 1521 Τροζήι·,
458 1469 651 1522 lapidum
674 1469 933 1511 auctoritate
951 1470 1188 1510 certissima
1207 1469 1461 1520 stabilitam,

136 1552 280 1591 quam,
314 1538 431 1590 quod
468 1539 677 1591 praebent
712 1537 810 1578 libri
847 1545 977 1591 atque
1011 1539 1146 1579 etiam
1188 1537 1462 1591 Bacchylidis

136 1606 287 1654 codex,
320 1604 504 1657 Τροιζήυ.
587 1606 637 1645 In
677 1606 869 1646 versibus
910 1607 1175 1647 canticorum
1217 1606 1462 1648 dividendis

137 1688 222 1714 non
243 1674 359 1714 nulla
388 1675 553 1724 novavi,
577 1675 619 1715 id
642 1688 809 1728 semper
838 1676 1028 1727 cupiens,
1053 1681 1100 1715 ut
1131 1681 1369 1716 metrorum
1398 1675 1459 1715 in·

136 1742 256 1784 doles
274 1743 413 1796 magis
431 1743 655 1796 perspicua
673 1743 791 1783 fieret
811 1743 1061 1796 legentibus
1107 1744 1458 1785 Coniecturarum

136 1818 331 1851 auctores
381 1812 541 1864 primos
587 1812 823 1852 secundum
869 1812 1160 1853 XVecklinium
1206 1813 1459 1867 plerumque

137 1880 248 1929 dedi,
270 1893 354 1921 non
382 1894 602 1932 nunquam
634 1880 726 1921 sine
755 1881 890 1921 dubio
918 1882 1065 1923 erravi.
1129 1881 1242 1922 Sunt
1271 1882 1388 1923 enim
1418 1882 1460 1923 in

137 1948 230 1988 loco
264 1962 436 2001 quoque
467 1948 633 1988 difficili
664 1950 950 1990 correctiones
981 1950 1147 2003 aliquot
1181 1951 1222 1991 in
1255 1957 1460 2004 promptu

137 2031 248 2069 quae
269 2017 426 2056 criticis
452 2016 535 2056 sere
565 2017 765 2057 omnibus
795 2018 835 2058 in
866 2025 1055 2058 mentem
1077 2019 1223 2059 venire
1245 2019 1432 2060 debeant
1451 2033 1460 2070 ;

138 2100 214 2126 nec
237 2085 422 2125 multum
446 2085 569 2125 refert
592 2099 647 2125 an
669 2099 720 2126 ea
747 2087 908 2137 primus
937 2086 1217 2128 Hermannus
1237 2101 1293 2128 an
1316 2087 1459 2128 Elms-

139 2152 244 2192 leius
273 2153 555 2194 describenda
583 2155 812 2208 putaverit,
832 2168 885 2195 an
914 2161 1013 2195 ante
1042 2155 1138 2195 illos
1169 2154 1373 2196 Reiskius
1393 2155 1460 2196 vel

139 2221 332 2275 Scaliger
363 2221 428 2262 vel
465 2224 574 2263 adeo
611 2223 651 2262 in
687 2222 951 2276 marginibus
983 2223 1180 2264 codicum
1219 2224 1460 2278 nescioquis

137 2291 227 2331 sine
248 2291 417 2331 nomine
439 2299 662 2332 corrector.

196 2358 482 2411 Quaestiones
515 2361 671 2401 multas
702 2375 948 2414 gravesque,
971 2363 1023 2402 de
1055 2356 1158 2402 locis
1191 2361 1460 2416 interpolatis

139 2428 300 2469 iteratis
317 2428 542 2481 rescriptis,
558 2429 612 2469 de
628 2428 886 2470 histrionum
903 2430 1458 2484 mutationibus-quorum

780 2511 810 2538 x
