1683 2732
711 74 1099 113 ΗΡΑΚΛΕΙΔΑῘ

407 176 482 229 χρὴ
509 180 780 229 γνωσιμαχεῖν
804 175 875 226 τὴν
900 176 1069 226 ἡλικίαν,

406 244 455 282 τὰ
479 242 511 282 δ’
537 241 706 296 ἀμήχαν’
732 243 812 282 ε’ἃν·
850 243 918 283 οὐκ
944 242 1053 284 ἔστιν
1078 244 1184 285 ὅπως

473 308 580 360 ἥβην
607 307 732 365 κτήσῃ
757 307 878 350 πάλιν
903 310 1027 352 αὖθις.

240 405 315 444 Αλ.
342 404 381 444 τί
403 406 537 457 χρῆμα
559 402 722 455 μέλλεις
747 407 830 445 σῶν
856 407 1012 456 φρενῶν
1037 404 1104 444 οὐκ
1130 404 1242 446 ἔνδον
1270 404 1323 446 ὢν

340 474 472 511 λιπεῖν
496 470 535 521 μ’
561 470 704 522 ἔρημον
731 470 805 512 σὺν
830 468 981 513 τέκνοις
1007 472 1132 522 ἐμοῖς;
1162 503 1170 512 .
1196 503 1205 512 .
1504 485 1567 516 710

243 539 295 576 Io.
344 537 494 588 ἀνδρῶν
519 538 594 589 γὰρ
621 536 735 587 ἀλκή·
775 538 840 578 σοὶ
866 540 908 578 δὲ
932 539 1032 590 χρῆν
1056 538 1204 578 τούτων
1227 538 1376 589 μέλειν.

241 606 314 643 Αλ.
342 604 382 643 τί
405 603 458 650 δ’,·
496 600 544 653 ἢν
571 603 691 660 θάνῃς
718 604 780 650 σύ,
808 608 890 646 πῶς
915 605 992 656 ἐγὼ
1018 603 1272 656 σωθήσομαι,·

242 672 295 709 Io.
344 669 482 712 παιδὸς
505 668 674 720 μελήσει
698 672 814 711 παισὶ
839 674 921 712 τοῖς
944 670 1229 722 λελειμμένοις.

240 738 315 776 Αλ.
340 732 389 786 ἢν
413 736 446 776 δ’
473 736 552 783 οὖν,
581 736 601 776 ὃ
624 736 677 787 μὴ
703 736 870 789 γένοιτο,
897 736 1126 790 χρήσωνται
1150 738 1270 795 τύχῃ,·

242 806 294 842 Io.
343 802 414 842 οἵδ’
440 802 485 843 οὐ
509 803 785 855 προδώσουσίν
810 821 869 851 σε,
897 803 949 855 μὴ
975 803 1129 860 τρέσῃς,
1159 803 1277 854 ξένοι.
1505 818 1566 850 715

241 872 315 909 Αλ.
342 870 510 910 τοσόνδε
535 869 610 922 γάρ
636 887 697 911 τοι
722 869 881 923 θάρσος,
909 870 1021 911 οὐδὲν
1045 870 1136 912 ἄλλ’
1163 871 1256 925 ἔχω.

244 939 294 975 Ιο.
346 936 407 976 καὶ
433 936 532 987 Ζηνὶ
557 940 635 977 τῶν
661 941 755 985 σῶν,
783 937 853 978 οἷδ’
879 937 969 990 ἐγώ,
996 937 1109 989 μέλει
1133 938 1276 979 πόνων.

242 1004 316 1042 Αλ.
343 1006 432 1055 φεῦ·

343 1069 441 1111 Ζεὺς
466 1069 512 1120 ἐξ
533 1072 629 1121 ἐμοῦ
652 1072 725 1121 μὲν
750 1070 816 1111 οὐκ
842 1071 1051 1111 ἀκούσεται
1077 1076 1213 1113 κακῶς·

342 1137 375 1176 εἰ
400 1135 433 1175 δ’
459 1137 570 1177 ἐστὶν
594 1137 706 1179 ὅσιος
731 1136 844 1179 αὐτὸς
868 1137 972 1178 οἶδεν
998 1139 1052 1179 εἷς
1077 1137 1157 1188 ἐμέ.

243 1233 315 1271 Θε.
343 1230 478 1271 ὅπλων
502 1233 574 1282 μὲν
598 1230 669 1281 ἤδη
696 1231 801 1282 τήνδ’
828 1232 920 1287 ὁρᾷς
945 1233 1196 1284 παντευχίαν,
1503 1244 1567 1276 720

343 1296 509 1349 φθάνοις
534 1296 566 1337 δ’
592 1297 639 1338 ἂν
665 1298 733 1339 οὐκ
759 1297 806 1338 ἂν
832 1301 966 1339 τοῖσδε
993 1298 1250 1350 συγκρύπτων
1276 1297 1407 1349 δέμας·

343 1363 394 1406 ὡς
420 1363 536 1416 ἐγγὺς
562 1365 682 1416 ἁγών,
711 1365 773 1405 καὶ
797 1364 960 1415 μάλιστ’
983 1363 1105 1417 ’Ἄρης
1131 1367 1267 1417 στυγεῖ

340 1429 576 1481 μέλλοντας·
615 1432 648 1472 εἰ
673 1433 714 1472 δὲ
738 1431 910 1485 τευχέων
935 1436 1048 1489 φοβῇ
1072 1431 1209 1483 βάρος,

341 1501 410 1538 νῦν
432 1499 504 1549 μὲν
528 1498 695 1551 πορεύου
718 1498 876 1551 γυμνός,
904 1499 946 1538 ἐν
971 1500 1011 1539 δὲ
1037 1497 1201 1549 τάξεσιν

344 1565 477 1619 κόσμῳ
503 1565 672 1615 πυκάζου
696 1565 799 1620 τῷδ’·
838 1565 914 1617 ἐγὼ
940 1564 973 1606 δ’
997 1566 1095 1606 οἴσω
1119 1564 1229 1607 τέως.
1504 1576 1565 1608 725

244 1634 296 1671 Ιο.
347 1634 475 1673 καλῶς
499 1630 651 1682 ἔλεξας·
689 1631 780 1672 ἀλλ’
805 1632 891 1683 ἐμοὶ
915 1630 1091 1685 πρόχειρ’
1116 1631 1221 1686 ἔχων

342 1698 461 1751 τεύχη
489 1699 632 1750 κόμιζε,
659 1700 761 1752 χειρὶ
786 1698 819 1739 δ’
844 1698 954 1741 ἔνθες
978 1698 1109 1750 ὀξύην,

342 1765 457 1805 λαιόν
481 1765 514 1805 τ’
541 1765 675 1817 ἔπαιρε
700 1768 842 1819 πῆχυν,
871 1766 1042 1807 εὐθύνων
1066 1767 1180 1806 πόδα.

245 1833 316 1872 Θε.
343 1830 366 1881 ἧ
391 1834 657 1885 παιδαγωγεῖν
681 1834 756 1885 γὰρ
781 1831 850 1873 τὸν
874 1833 1042 1884 ὁπλίτην
1065 1833 1214 1886 χρεών,·

245 1901 298 1938 Io.
347 1899 500 1950 ὄρνιθος
526 1899 651 1940 οὕνεκ’
679 1901 875 1952 ἀσφαλῶς
899 1899 1123 1953 πορευτέον.
1502 1911 1567 1943 730

245 1967 315 2005 Θε.
343 1965 413 2005 εἴθ’
439 1964 546 2015 ἦσθα
570 1966 732 2009 δυνατὸς
757 1969 851 2019 δρᾶν
875 1968 973 2007 ὅσον
998 1968 1195 2019 πρόθυμος
1219 1966 1266 2007 εἶ.

245 2034 297 2070 Io.
347 2031 492 2084 ἔπειγε·
529 2034 709 2086 λειφθεὶς
734 2035 842 2075 δεινὰ
867 2035 1055 2085 πείσομαι
1078 2033 1221 2086 μάχης.

246 2099 317 2137 Θε.
347 2098 399 2137 σύ
422 2116 482 2139 τοι
505 2101 726 2152 βραδύνεις,
753 2101 821 2142 οὐκ
848 2102 924 2153 ἐγὼ
950 2104 1050 2140 δοκῶ
1074 2117 1113 2140 τι
1138 2103 1245 2152 δρᾶν.

289 2200 352 2228 710
375 2191 431 2223 Sic
451 2192 513 2223 LP
584 2193 727 2227 τέκνοισι
743 2198 810 2227 τοῖς
828 2197 914 2235 ἐμοῖς
926 2194 1070 2226 Aldina:
1096 2193 1193 2235 γέρον
1209 2194 1285 2224 add.
1305 2192 1484 2231 Hartung:
1509 2192 1567 2223 σὺν

245 2232 403 2277 (τέκνου)
418 2248 448 2267 τ.
467 2238 491 2268 ἐ.
511 2236 625 2268 Vitelli
779 2249 839 2277 711
866 2239 930 2280 χρὴ
948 2248 1063 2277 apogr.
1084 2237 1189 2268 Paris.
1352 2246 1414 2274 713
1438 2235 1566 2274 μελήση

246 2277 273 2307 L
285 2276 332 2307 P:
356 2288 439 2308 corr.
456 2278 470 2308 l
554 2282 645 2313 παισὶ
662 2281 810 2312 Canter:
836 2285 915 2314 πᾶσι
933 2281 959 2311 L
972 2282 998 2311 P
1108 2291 1166 2319 721
1196 2282 1253 2312 σὺν
1271 2279 1417 2321 κρύπτων
1436 2279 1567 2307 ΠΟῙἋἙΘ

246 2320 376 2361 (-κρῖπτ·
400 2321 438 2362 Ρ)
575 2334 636 2362 722
661 2325 748 2366 ἀγὼν
765 2325 829 2356 LP
971 2335 1033 2364 724
1056 2324 1117 2364 μὲν
1134 2325 1182 2355 L:
1207 2324 1241 2356 δὲ
1260 2323 1286 2354 Ρ
1380 2333 1441 2362 733
1466 2320 1569 2353 κούκί

246 2365 346 2396 δοκῶν
361 2364 530 2404 Tyrwhitt
