1651 2780
655 91 1002 129 ΕΥΡΙΠΙΔΟΥ

399 192 605 244 ἐξέλειπον
631 195 759 235 οἴκους
1411 209 1495 241 1040

264 259 360 311 πρὸς
385 260 512 300 ἄλλον
538 259 723 312 εὐνάτορ’.
795 260 885 314 οὐχὶ
911 261 976 302 σοὶ
1002 261 1103 314 μόνᾳ

262 327 487 379 δύσφρονες
513 326 724 374 ἐπέπεσον,
751 327 795 367 οὐ
823 329 996 380 φίλοισι,
1023 332 1157 369 λῦπαι·

261 393 384 434 νόσον
408 392 558 436 Ἑλλὰς
584 394 692 441 ἔτλα,
721 395 855 435 νόσον·
894 395 1011 446 διέβα
1036 397 1077 437 δὲ
1103 398 1272 448 Φρυγῶν

397 461 459 502 καὶ
484 460 580 513 πρὸς
606 460 821 513 εὐκάρπους
846 462 941 514 γύας
1411 475 1493 508 1045

329 527 503 578 σκηπτὸς
529 527 774 569 σταλάσσων
801 526 904 581 (τὸν)
922 527 1041 569 “Aaou
1067 529 1206 582 φόνον.

162 647 239 695 Πη.
262 645 477 686 Φθιώτιδες
503 648 695 697 γυναῖκες,
724 647 949 697 ἱστοροῦντί
970 662 1037 697 μοι

260 711 466 762 σημήνατ’·
503 712 683 769 ᾐσθόμην
708 714 783 764 γὰρ
810 712 854 752 οὐ
879 714 991 764 σαφῆ
1016 712 1141 765 λόγον

259 778 310 820 ὡς
336 778 479 829 δώματ’
505 781 723 820 ἐκλιποῦσα
751 779 940 820 Μενέλεω
967 780 1061 831 κόρη

258 846 408 897 φρούδη
435 845 531 886 τάδ’·
569 846 648 896 ἥκω
675 846 706 885 δ’
732 847 916 897 ἐκμαθεῖν
943 846 1121 896 σπουδὴν
1146 845 1251 899 ἔχων
1405 861 1491 891 1050

259 913 292 952 εἰ
318 911 423 952 ταῦτ’
449 913 592 963 ἀληθῆ·
630 916 709 952 τῶν
734 915 809 964 γὰρ
838 911 1013 963 ἐκδήμων
1038 913 1170 964 φίλων

255 981 316 1019 δεῖ
336 978 427 1020 τοὺς
453 977 534 1019 κατ’
560 978 667 1019 οἶκον
693 981 808 1020 ὄντας
835 980 1015 1019 ἐκπονεῖν
1039 980 1172 1032 τύχας.

156 1048 226 1085 Χο.
256 1049 405 1096 Πηλεῖ),
434 1050 575 1098 σαφῶς
600 1045 784 1096 ἤκουσας·
824 1045 902 1086 οὐδ’
928 1046 1013 1096 ἐμοὶ
1041 1045 1162 1085 καλὸν

257 1112 438 1163 κρύπτειν
466 1114 507 1153 ἐν
533 1114 590 1154 οῖς
616 1116 798 1164 παροῦσα
822 1111 1005 1166 τυγχάνω
1032 1115 1175 1154 κακοῖς·

254 1181 449 1229 βασίλεια
474 1181 548 1232 γὰρ
573 1179 686 1220 τῶνδ’
713 1180 865 1233 οἴχεται
892 1180 1020 1232 φυγὰς
1046 1180 1188 1230 δόμων.
1404 1193 1486 1224 1055

154 1247 231 1296 Πη.
253 1247 358 1288 τίνος
385 1247 520 1299 φόβου
544 1250 739 1300 τυχοῦσα;
780 1245 1004 1298 διαπέραινέ
1027 1263 1104 1297 μοι.

152 1315 224 1353 Χο.
254 1313 374 1354 πόσιν
403 1313 615 1365 τρέμουσα,
643 1313 695 1365 μὴ
722 1314 852 1365 δόμων
878 1330 939 1354 νιν
965 1312 1133 1369 ἐκβάλῃ.

153 1382 228 1430 Πη.
251 1384 334 1430 μῶν
360 1382 446 1421 ἀντὶ
472 1380 609 1422 παιδὸς
638 1382 868 1431 θανασίμων
892 1379 1196 1431 βουλευμάτων;

151 1449 221 1486 Χο.
249 1447 324 1493 ναί,
354 1448 414 1487 καὶ
440 1446 623 1499 γυναικὸς
650 1448 943 1500 αἰχμαλωτίδος
970 1447 1102 1501 φόβῳ.

152 1515 228 1563 Πη.
252 1513 324 1554 σὺν
351 1515 467 1565 πατρὶ
494 1513 525 1554 δ’
551 1515 680 1556 οἴκους
707 1510 729 1563 ἢ
755 1515 860 1555 τίνος
885 1515 1015 1554 λείπει
1039 1513 1157 1564 μέτα,·
1396 1517 1483 1550 1060

149 1582 220 1619 Xo.
247 1579 540 1632 Ἀγαμέμνονός
565 1598 626 1620 νιν
653 1585 743 1622 παῖς
769 1580 916 1631 βέβηκ’
941 1580 1048 1632 ἄγων
1074 1581 1230 1634 χθονός.

148 1648 225 1696 Πη.
248 1648 365 1687 ποίαν
390 1648 586 1699 περαίνων
615 1646 760 1693 ἐλπίδ’,·
800 1645 824 1696 ἦ
849 1649 970 1698 γῆμαι
996 1646 1143 1692 θέλων;

146 1715 219 1753 Xo.
248 1714 310 1753 καὶ
336 1716 393 1767 σῷ
420 1730 465 1765 γε
490 1713 627 1755 παιδὸς
656 1713 764 1753 παιδὶ
793 1713 1002 1765 πορσύνων
1026 1714 1159 1764 μόρον.

146 1781 225 1829 Πη.
247 1779 412 1831 κρυπτὸς
439 1781 637 1822 καταστὰς
666 1776 688 1829 ἢ
715 1779 795 1819 κατ’
822 1779 911 1830 ὄμμ’
939 1779 1066 1819 ἐλθὼν
1090 1778 1220 1836 μάχῃ;

146 1848 218 1885 Xo.
245 1847 382 1898 ἁγνοῖς
408 1848 449 1887 ἐν
476 1848 594 1898 ἱεροῖς
621 1845 764 1897 Λοξίου
794 1849 970 1898 Δελφῶν
994 1845 1105 1897 μέτα.
1394 1849 1477 1889 1065

191 1948 267 1976 1041
298 1940 408 1972 ἄλλων
425 1939 567 1981 εὐνάτορ’
586 1939 618 1970 Μ
638 1952 644 1971 2
670 1941 789 1972 ἄλλους
808 1939 1000 1980 εὐνάστορας
1017 1938 1059 1969 V²
1178 1949 1258 1978 1042
1284 1937 1477 1979 δύσφρονες]

143 1981 294 2023 δύσφρον’
311 1982 337 2012 Ρ
460 1983 617 2015 ἐπέπεσον
637 1983 794 2014 Musurus
814 1983 1021 2023 (ἐπεγένοντο
1046 1987 1081 2022 Σῤ
1104 1994 1110 2013 :
1136 1982 1266 2015 {ematosa
1285 1982 1310 2012 L
1330 1982 1478 2022 (ἔννεπον

141 2025 186 2061 l):
229 2025 346 2058 ἔπεσον
378 2026 592 2056 MAVBP:
636 2027 776 2065 ἔμπεσον
809 2026 957 2064 Lenting
1127 2035 1207 2064 1044
1243 2029 1375 2067 Φρυγῶν
1406 2025 1472 2066 καὶ]

141 2071 272 2109 Φρυγῶν
301 2071 364 2109 γῆν
397 2069 452 2101 Η;
489 2072 505 2101 ὁ
536 2074 668 2111 Φρυγῶν
701 2077 778 2111 σφιν
811 2069 890 2100 olim
923 2068 1126 2100 Hermann:
1163 2070 1213 2101 καὶ
1241 2071 1371 2110 Φρυγῶν
1399 2068 1474 2099 OD

145 2121 226 2150 1045
250 2112 329 2152 γύας
351 2113 377 2143 L
401 2118 434 2143 et
453 2113 486 2144 H
505 2124 512 2143 :
534 2114 626 2154 γυίας
648 2113 718 2143 rell.
896 2113 979 2150 1046
1002 2114 1058 2143 τὸν
1076 2112 1153 2143 add.
1173 2112 1351 2143 Hermann
1369 2111 1474 2150 (ἀεικῆ

144 2154 337 2193 Kirchhoff)
499 2166 578 2195 1051
614 2156 657 2197 εἰ]
676 2156 696 2194 ἧ
713 2156 738 2186 Ρ
897 2165 976 2194 1054
1011 2155 1123 2197 οἷσπερ
1140 2155 1220 2188 οὖσα
1236 2155 1334 2186 codd.
1352 2165 1360 2185 t
1384 2165 1469 2186 corr.

141 2197 320 2229 Wecklein
469 2209 549 2238 1055
576 2201 680 2241 φυγὰς
697 2203 776 2230 ante
793 2198 888 2231 τῶνδ’
906 2198 1031 2228 habent
1048 2198 1078 2228 A
1090 2198 1120 2228 V
1266 2199 1349 2238 1056
1379 2197 1472 2238 φόβῳ

141 2244 288 2282 φυγοῦσα
313 2241 529 2274 Herwerden
678 2243 761 2281 1058
791 2246 858 2281 μῶν
882 2241 1048 2274 ἀντίποινα
1075 2242 1195 2273 Nauck
1346 2241 1427 2272 1062
1451 2242 1471 2279 ἦ

140 2285 237 2316 codd.
388 2288 470 2325 1063
495 2290 540 2327 σῷ
560 2285 715 2318 Lobeck:
746 2288 804 2317 σοῦ
821 2286 917 2316 codd.
1065 2287 1145 2325 1065
1170 2285 1274 2327 ἀγνὼς
1292 2283 1471 2315 Housman

142 2327 264 2368 χᾶγνοῖς
284 2327 316 2358 Μ
329 2327 358 2358 V
371 2327 410 2370 P)
