1651 2780
647 142 993 180 ΕΥΡΙΠΙΔΟΥ

155 244 226 281 xo.
253 240 397 292 ξυνῆκ’·
436 243 580 294 ἔρημον
607 241 823 295 ξυλλαβὼν
849 246 1033 297 δρυμοῖσί
1054 262 1115 286 νιν

255 307 409 361 σφάξαι
432 316 625 366 μενοινᾷς,
655 308 678 362 ἢ
704 316 855 364 πετρῶν
880 311 981 353 ὦσαι
1008 311 1122 352 κάτω.

154 378 224 415 Οδ.
254 376 366 417 οὐδὲν
391 380 578 418 τοιοῦτον·
619 378 751 421 δόλιος
776 379 798 429 ἡ
825 378 1012 430 ’πιθυμία.

155 445 225 482 Xo.
253 446 333 484 πῶς
359 445 439 491 δαί,·
479 445 610 497 σοφόν
637 446 701 486 τοί
724 445 763 485 σ’
789 445 869 486 ὅντ’
894 447 1085 496 ἀκούομεν
1111 446 1247 488 πάλαι.
1412 461 1480 492 450

155 511 225 549 Οδ.
255 509 383 560 κώμου
406 512 478 561 μὲν
505 511 623 551 αὐτὸν
651 511 754 552 τοῦδ’
781 512 1022 564 ἀπαλλάξαι,
1049 513 1180 566 λέγων

254 576 305 618 ὡς
329 577 374 618 οὐ
400 578 594 630 Κύκλωψι
622 582 737 630 πῶμα
761 579 837 632 χρὴ
864 582 996 621 δοῦναι
1021 582 1122 627 τόδε,

253 643 373 694 μόνον
399 643 431 683 δ’
458 643 601 698 ἔχοντα
627 646 767 696 βίοτον
792 646 914 697 ἡδέως
938 646 1061 699 ἄγειν.

253 711 347 750 ὅταν
373 710 403 751 δ’
429 711 622 768 ὑπνώσσῃ
653 714 824 767 Βακχίου
849 714 1072 765 νικώμενος,

254 778 430 830 ἀκρεμὼν
455 779 590 821 ἐλαίας
619 779 731 820 ἔστιν
757 781 799 820 ἐν
824 781 986 831 δόμοισί
1005 798 1077 827 τις,
1417 793 1481 825 455

254 843 299 885 ὃν
324 844 521 900 φασγάνῳ
547 843 653 898 <’γὼ>
680 846 768 901 τῷδ’
794 846 989 897 ἀποξύνας
1014 848 1145 901 ἄκρον,

255 912 293 953 ἐς
319 915 392 963 πῦρ
418 911 592 962 καθήσω·
633 912 732 968 κᾷθ’,
760 915 853 955 ὅταν
879 914 1115 966 κεκαυμένον

254 980 321 1018 ἴδω
348 995 421 1025 νιν,
450 978 546 1031 ἄρας
574 980 716 1032 θερμὸν
743 982 782 1023 ἐς
805 981 931 1032 μέσην
956 986 1075 1033 βαλῶ

255 1045 471 1088 Κύκλωπος
497 1048 607 1099 ὄψιν,
635 1049 740 1099 ὄμμα
763 1047 796 1088 τ’
824 1047 970 1098 ε’κτήξω
997 1050 1098 1100 πυρί.

253 1114 473 1165 ναυπηγίαν
499 1113 532 1154 δ’
560 1114 658 1155 ὡσεί
679 1131 737 1157 τις
762 1115 938 1167 ἁρμόζων
963 1115 1060 1167 ἀνὴρ
1417 1118 1483 1160 4⁶0

255 1182 411 1220 διπλοῖν
436 1184 622 1234 χαλινοῖν
647 1181 844 1233 τρύπανον
870 1186 1107 1233 κωπηλατεῖ,

253 1247 353 1287 οὕτω
380 1247 572 1288 κυκλώσω
599 1247 720 1289 δαλὸν
745 1250 786 1289 ἐν
812 1250 1034 1304 φαεσφόρῳ

256 1314 474 1357 Κύκλωπος
501 1316 597 1367 ὄψει
623 1315 685 1355 καὶ
712 1320 915 1356 συναυανῶ
942 1317 1073 1368 κόρας.

157 1383 226 1420 Xo.
254 1381 313 1421 ἰοὺ
340 1382 411 1427 ἰού,

254 1447 416 1500 γέγηθα,
444 1449 693 1501 μαινόμεσθα
718 1453 798 1492 τοῖς
823 1448 1049 1502 εὑρήμασιν.
1419 1453 1483 1494 465

155 1517 226 1555 Οδ.
256 1514 419 1555 κᾶπειτα
446 1516 508 1556 καὶ
534 1518 582 1557 σὲ
611 1518 672 1558 καὶ
698 1518 840 1569 φίλους
865 1516 1032 1569 γέροντά
1056 1534 1098 1557 τε

254 1583 351 1624 νεὼς
375 1583 565 1633 μελαίνης
592 1588 727 1624 κοῖλον
752 1582 935 1635 ἐμβήσας
959 1583 1115 1636 σκάφος

256 1652 438 1690 διπλαῖσι
464 1650 610 1692 κώπαις
636 1650 748 1701 τῆσδ’
774 1651 984 1691 ἀποστελῶ
1009 1651 1166 1704 χθονός.

156 1718 227 1756 Xo.
254 1715 337 1756 ἔστ’
363 1716 431 1756 οὖν
456 1718 560 1759 ὅπως
584 1716 632 1758 ἂν
661 1717 830 1769 ὡσπερεὶ
857 1720 1030 1767 σπονδῆς
1055 1720 1145 1758 θεοῦ

257 1783 361 1835 κάγὼ
386 1785 588 1834 λαβοίμην
614 1788 681 1824 τοῦ
708 1788 952 1837 τυφλοῦντος
977 1786 1132 1835 ὄμματα
1418 1795 1485 1828 470

256 1852 394 1896 δαλοῦ;
433 1851 557 1902 φόνου
583 1852 658 1903 γὰρ
685 1854 796 1892 τοῦδε
825 1854 1024 1891 κοινωνεῖν
1050 1850 1167 1891 θέλω.

156 1919 228 1957 Οδ.
256 1919 316 1957 δεῖ
338 1920 443 1969 γοῦν·
480 1917 604 1970 μέγας
631 1920 707 1970 γὰρ
733 1918 865 1960 δαλός·
903 1918 947 1958 οὗ
972 1915 1230 1968 ξυλληπτεόν.

160 1987 229 2023 Χο.
257 1983 307 2026 ὡς
333 1984 403 2024 κᾶν
428 1982 588 2035 ἁμαξῶν
615 1985 754 2026 ἑκατὸν
779 1985 947 2037 ἀραίμην
972 1984 1108 2037 βάρος,

257 2052 290 2090 εἰ
315 2055 382 2090 τοῦ
410 2051 627 2094 Κύκλωπος
654 2056 722 2092 τοῦ
749 2056 873 2093 κακῶς
897 2051 1111 2103 ὀλουμένου

201 2153 262 2181 447
289 2145 430 2184 δρυμοῖσι
448 2144 639 2183 Tyrwhitt:
665 2148 809 2187 ρυθμοῖσι
831 2145 855 2174 L
870 2144 895 2175 P
1058 2145 1121 2182 448
1145 2144 1245 2184 κάτω]
1266 2144 1348 2176 κάτα
1366 2143 1486 2175 Nauck

158 2196 219 2225 454
238 2187 389 2228 ὑπνώσσῃ
406 2187 582 2219 Hermann
600 2200 606 2218 z
627 2190 755 2231 ὑπνώσῃ
772 2189 797 2218 L
811 2189 856 2219 P:
877 2189 1024 2226 ὑπνώσθη
1056 2188 1171 2218 debuit
1189 2188 1327 2230 {nrushop}
1350 2187 1486 2218 Dobree

158 2231 222 2268 456
246 2229 303 2270 ’γὼ
326 2230 438 2261 addidi
597 2232 784 2273 ἐξαποξύνας
806 2232 818 2261 l
841 2237 874 2262 et
893 2231 929 2269 P,
951 2232 1090 2262 verbum
1114 2242 1180 2262 non
1207 2231 1284 2261 alibi
1310 2231 1484 2262 inventum

159 2275 231 2312 458,
267 2284 330 2313 459
369 2278 462 2311 βαλῶ
494 2298 502 2306 .
534 2300 542 2307 .
577 2299 583 2306 .
617 2276 702 2315 ι’)’μμα
739 2277 767 2307 τ’
800 2275 963 2306 Pierson:
1004 2277 1116 2311 βαλὼν
1149 2300 1154 2305 .
1188 2299 1194 2306 .
1230 2299 1236 2305 .
1273 2274 1388 2314 ὄμματ’
1423 2274 1487 2304 LP

158 2318 221 2355 462
253 2318 423 2358 κυκλώσω]
452 2319 604 2357 κυκλὴσω
632 2319 812 2358 Musgrave
945 2319 1009 2357 468
1037 2319 1210 2350 ἀποστελῶ
1232 2318 1274 2358 lp
1295 2323 1351 2348 aut
1376 2317 1415 2348 L²
1428 2317 1485 2348 1³²:

160 2360 356 2393 ἀποστέλλω
375 2362 400 2392 L
413 2362 439 2392 P
571 2364 636 2401 469
661 2363 795 2403 ὡσπερεὶ
816 2361 964 2393 Reiske:
991 2363 1096 2403 ὥσπερ
1115 2364 1150 2393 ἐκ
1171 2363 1196 2392 L
1210 2362 1234 2392 P
1365 2371 1428 2399 472
1452 2360 1489 2393 οὗ

162 2403 290 2435 Reiskc
307 2415 313 2434 ε
337 2406 374 2436 ’ὸν
393 2404 418 2434 L
432 2405 458 2434 P
591 2416 654 2444 473
679 2406 813 2446 ἀραίμην
833 2405 1013 2437 Matthiae:
1040 2406 1172 2446 ἀροίμην
1191 2405 1214 2435 L
1228 2405 1253 2434 1³
