1683 2732
678 87 930 125 ΚὙΚᾹΩΨ

207 219 215 229 .
244 187 444 241 ἐρυγγάνει)
470 192 565 241 γοῦν
589 188 707 229 αὐτὸν
729 189 852 240 ἡδέως
877 191 966 242 ἐγώ.

210 286 218 295 .
244 255 394 295 τοιόσδ’
420 256 440 295 ὁ
463 256 625 307 δαίμων·
662 255 801 296 οὐδένα
824 255 1000 306 βλάπτει
1024 260 1194 308 βροτῶν.

208 353 216 362 .
245 321 332 363 θεὸς
357 321 389 361 δ’
415 323 456 362 ἐν
483 323 591 376 ἀσκῷ
616 325 698 364 πῶς
722 321 857 374 γέγηθ’
882 324 1010 364 οἴκους
1035 323 1158 375 ἕχων;
1404 339 1464 370 525

209 419 216 428 .
243 388 341 428 ὅπου
365 391 453 445 τιθῇ
477 405 549 434 τις,
575 387 704 428 ἐνθάδ’
730 389 840 429 ἐστὶν
867 388 1040 439 εὐπετής.

208 486 216 495 .
243 454 285 494 οὐ
310 455 399 497 τοὺς
425 454 536 497 θεοὺς
557 454 635 508 χρὴ
661 454 762 506 σῶμ’
788 454 894 508 ἔχειν
919 457 961 496 ἐν
987 455 1187 507 δέρμασιν.

208 552 216 562 .
243 522 282 562 τί
305 521 349 567 δ’,
379 523 415 562 εἴ
437 539 486 562 σε
509 520 642 574 τέρπει
666 521 721 574 γ’,·
761 518 784 572 ἢ
809 521 853 562 τὸ
879 521 1000 573 δέρμα
1024 539 1089 562 σοι
1114 523 1272 574 πικρόν,·

207 619 215 628 .
240 592 344 639 μισῶ
371 588 439 629 τὸν
464 589 601 629 ἀσκόν·
639 588 682 628 τὸ
708 591 749 629 δὲ
774 588 895 629 ποτὸν
920 593 1026 640 φιλῶ
1051 590 1153 629 τόδε.

209 686 217 695 .
242 654 372 706 μένων
396 672 464 697 νυν
489 656 608 696 αὐτοῦ
632 659 720 696 πῖνε
747 655 937 706 κεύθύμει,
968 656 1159 708 Κύκλωψ.
1405 670 1468 701 530

207 753 215 763 .
242 721 286 762 οὐ
310 721 387 775 χρή
412 722 452 773 μ’
477 723 668 775 ἀδελφοῖς
692 726 803 763 τοῦδε
828 725 1069 774 προσδοῦναι
1092 726 1232 769 ποτοῧ;

209 819 218 829 .
244 788 349 842 ἔχων
374 791 448 841 γὰρ
475 788 591 832 αὐτὸς
613 790 840 842 τιμιώτερος
865 795 984 846 φανῇ.

208 887 216 896 .
242 855 370 898 διδοὺς
394 858 436 897 δὲ
461 860 541 898 τοῖς
566 858 726 909 φίλοισι
749 857 1058 909 χρησιμώτερος.

208 953 216 963 .
243 925 398 975 πυγμὰς
422 923 443 963 ὁ
468 927 594 974 κῶμος
616 924 798 976 λοίδορόν
823 923 855 963 τ’
882 923 962 975 ἔριν
987 926 1110 975 φιλεῖ.

208 1020 217 1030 .
242 989 372 1040 μεθύω
396 990 483 1041 μέν,
510 990 635 1040 ἔμπας
659 990 691 1030 δ’
717 990 820 1031 οὔτις
846 990 894 1030 ἂν
918 989 1091 1042 ψαύσειέ
1112 1006 1199 1041 μου.
1406 1002 1467 1033 535

209 1086 217 1097 .
245 1054 274 1096 ὦ
298 1059 382 1102 τᾶν,
410 1056 606 1097 πεπωκότ’
634 1058 673 1096 ἐν
700 1057 859 1107 δόμοισι
881 1056 957 1109 χρὴ
982 1056 1126 1108 μένειν.

210 1153 218 1163 .
242 1122 395 1172 ἠλίθιος
420 1124 531 1165 ὅστις
555 1123 607 1174 μὴ
633 1124 731 1164 πιὼν
757 1127 885 1174 κῶμον
911 1127 1032 1175 φιλεῖ.

211 1220 220 1229 .
245 1188 287 1231 ὃς
312 1188 345 1229 δ’
369 1188 419 1229 ἂν
440 1191 653 1240 μεθυσθείς
676 1190 713 1242 γ’
740 1191 782 1230 ἐν
807 1191 939 1241 δόμοις
962 1191 1089 1246 μείνῃ,
1116 1190 1262 1242 σοφός.

209 1286 217 1295 .
242 1256 285 1296 τί
305 1259 470 1308 δρῶμεν,
495 1254 525 1296 ὦ
551 1255 715 1307 Σιληνέ,·
753 1256 818 1296 σοὶ
841 1255 972 1307 μένειν
998 1259 1120 1302 δοκεΐ;

196 1353 203 1362 .
242 1325 359 1363 δοκεῖ.
431 1323 471 1362 τί
492 1324 566 1374 γὰρ
591 1326 652 1363 δεῖ
673 1326 885 1374 συμποτῶν
909 1322 1056 1368 ἄλλων,
1085 1323 1284 1374 Κύκλωψ;
1406 1335 1468 1365 540

209 1419 218 1429 .
244 1390 306 1429 καὶ
331 1389 408 1440 μὴν
431 1389 637 1442 λαχνῶδές
661 1389 695 1429 τ’
722 1389 835 1431 οὖδας
861 1390 1030 1441 ἀνθηρᾶς
1054 1390 1179 1442 χλόης
1204 1420 1212 1428 .
1244 1420 1252 1429 .
1279 1419 1287 1428 .
1321 1419 1328 1428 .

197 1486 205 1495 .
244 1456 307 1496 καὶ
331 1457 428 1508 πρός
453 1473 499 1509 γε
525 1456 675 1499 θάλπος
698 1456 814 1507 ἡλίου
838 1457 967 1497 πίνειν
995 1456 1127 1495 καλόν.

247 1523 404 1574 κλίθητί
426 1522 495 1564 νύν
518 1539 584 1574 μοι.
609 1524 761 1575 πλευρὰ
784 1523 866 1565 θεὶς
890 1523 954 1564 ἐπὶ
979 1523 1133 1576 χθονός.

147 1593 216 1630 Κυ.
245 1589 340 1630 ἰδού.
1194 1642 1197 1645 ¹

244 1658 285 1697 τί
306 1659 402 1707 δῆτα
426 1655 495 1697 τὸν
522 1655 676 1709 κρατῆρ’
700 1656 844 1698 ὅπισθέ
865 1673 940 1709 μου
963 1657 1092 1706 τίθης,·
1406 1667 1467 1697 545

147 1727 204 1764 Σι.
244 1722 294 1765 ὡς
317 1723 369 1774 μὴ
395 1724 544 1776 παριών
569 1741 627 1766 τις
652 1723 874 1780 καταβάλῃ.
1014 1726 1084 1762 Κυ.
1156 1723 1283 1762 πίνειν
1306 1723 1377 1772 μὲν
1403 1721 1469 1760 οὖν

146 1926 220 1965 Οὸ.

247 1789 427 1831 κλέπτων
451 1791 503 1831 σὺ
527 1791 671 1847 βούλῃ·
711 1790 846 1833 κάτθες
872 1790 988 1831 αὐτὸν
1013 1792 1053 1832 ἐς
1077 1789 1215 1840 μέσον.

247 1856 298 1898 σὺ
323 1857 367 1903 δ’,
396 1856 424 1898 ὦ
450 1857 542 1908 ξέν’,
571 1859 656 1899 εἰπὲ
680 1857 834 1909 τοῦνομ’
862 1859 883 1897 ὅ
907 1875 942 1897 τι
970 1874 1017 1897 σε
1042 1856 1115 1908 χρὴ
1143 1859 1290 1896 καλεῖν.

245 1924 378 1965 Οὖτιν·
416 1924 534 1979 χάριν
558 1927 598 1966 δὲ
623 1925 710 1965 τίνα
734 1925 873 1976 λαβών
901 1923 939 1963 ‹r'
964 1922 1180 1969 ἐπ(ιινέσω,·

189 2043 252 2073 525
277 2036 380 2066 οἴκους
396 2034 543 2065 Canter:
569 2037 670 2066 οἴνους
690 2033 714 2063 L
727 2033 753 2064 P
906 2034 969 2070 526
993 2034 1062 2073 τιθῇ
1081 2045 1128 2063 τις
1147 2030 1298 2061 Porson:
1325 2032 1408 2061 τιθεῖ
1421 2042 1468 2061 τις

148 2078 195 2107 L:

230 2079 328 2110 τιθεὶς
357 2077 383 2107 Ρ
545 2088 606 2117 527
646 2077 738 2107 Nihil
768 2077 962 2107 mutandum
991 2076 1092 2114 (οὔτοι
1119 2073 1353 2104 Herwerden:
1388 2074 1469 2112 χρῆν

148 2121 277 2161 Nauck)
385 2131 446 2159 534
472 2122 601 2162 πληγὰς
619 2124 634 2152 ὁ
652 2124 754 2161 κῶμος
771 2119 916 2160 λοίδορόν
934 2120 959 2150 θ’
978 2120 1068 2159 ὕβριν
1085 2120 1176 2158 φιλεῖ
1189 2116 1268 2147 Ath.
1289 2116 1319 2146 ii.
1338 2126 1367 2154 p.
1385 2117 1426 2153 36
1440 2115 1468 2144 D

147 2174 208 2204 535

243 2163 344 2203 μεθύω
374 2164 434 2204 μέν
468 2164 619 2195 Reiske:
658 2164 821 2203 μεθύωμεν
854 2163 917 2192 LP
1104 2170 1163 2199 541
1202 2160 1247 2200 τ’]
1277 2160 1309 2200 γ’
1339 2159 1466 2188 Porson

147 2209 266 2250 ἀνθηρᾷ
278 2207 364 2250 χλόῃ
381 2207 567 2239 Kirchhoff.
612 2208 705 2238 Idem
719 2216 851 2236 versum
867 2204 1028 2244 Cyclopis
1046 2204 1213 2234 excidisse
1231 2207 1324 2242 putat
1339 2213 1346 2240 3
1372 2201 1467 2231 nobis

146 2251 278 2282 videtur
300 2251 435 2281 Silenus
456 2261 647 2281 sermonem
667 2251 740 2281 eius
765 2249 1010 2287 interrumpere
1177 2256 1239 2284 545
1264 2245 1331 2277 ἰδού
1347 2255 1410 2275 om.
1431 2244 1468 2280 P,

142 2295 320 2332 postmodo
333 2295 482 2326 additum
497 2297 530 2325 in
547 2295 589 2325 L:
610 2292 930 2325 co1·r.WiIamowit7,
1024 2290 1112 2327 τίθης
1126 2288 1151 2319 l:
1168 2291 1264 2320 τιθεῖς
1280 2287 1356 2327 Lp:
1375 2288 1469 2318 τιθεὶς

145 2337 170 2366 Ρ

280 2340 343 2376 546
368 2340 485 2380 παριών
503 2338 629 2368 Reiske
647 2348 653 2367 ;
678 2338 783 2377 παρών
804 2336 828 2365 L
842 2335 867 2364 P
961 2332 1131 2374 καταβάλῃ
1146 2337 1169 2372 p
1185 2343 1190 2361 :
1215 2330 1386 2367 καταλάβη
1407 2330 1430 2359 L
1445 2329 1469 2358 Ρ
