<?xml version="1.0" encoding="UTF-8"?>
<!DOCTYPE html PUBLIC "-//W3C//DTD XHTML 1.0 Transitional//EN"
    "http://www.w3.org/TR/xhtml1/DTD/xhtml1-transitional.dtd">
<html xmlns="http://www.w3.org/1999/xhtml" xml:lang="en" lang="en">
 <head>
  <title>
</title>
<meta http-equiv="Content-Type" content="text/html;charset=utf-8" />
  <meta name='ocr-system' content='tesseract 3.04.00' />
  <meta name='ocr-capabilities' content='ocr_page ocr_carea ocr_par ocr_line ocrx_word'/>
</head>
<body>
  <div class='ocr_page' id='page_1' title='image "./euripidisfabulae01euriuoft_0166.png"; bbox 0 0 1651 2780; ppageno 0'>
   <div class='ocr_carea' id='block_1_1' title="bbox 650 116 1000 153">
    <p class='ocr_par' dir='ltr' id='par_1_1' title="bbox 650 116 1000 153">
     <span class='ocr_line' id='line_1_1' title="bbox 650 116 1000 153; baseline 0.003 -1"><span class='ocrx_word' id='word_1_1' title='bbox 650 116 1000 153; x_wconf 66' lang='grc' dir='ltr'><strong>ΕΥΡΙΠΙΔΟΥ</strong></span> 
     </span>
    </p>
   </div>
   <div class='ocr_carea' id='block_1_2' title="bbox 247 217 1488 2142">
    <p class='ocr_par' dir='ltr' id='par_1_2' title="bbox 247 217 1488 2142">
     <span class='ocr_line' id='line_1_2' title="bbox 256 217 1119 271; baseline 0.008 -16"><span class='ocrx_word' id='word_1_2' title='bbox 256 218 292 258; x_wconf 64' lang='grc' dir='ltr'>οἳ</span> <span class='ocrx_word' id='word_1_3' title='bbox 317 217 349 256; x_wconf 88' lang='grc' dir='ltr'>δ’</span> <span class='ocrx_word' id='word_1_4' title='bbox 375 219 524 268; x_wconf 78' lang='grc' dir='ltr'>ἀσθενῆ</span> <span class='ocrx_word' id='word_1_5' title='bbox 549 220 622 269; x_wconf 80' lang='grc' dir='ltr'>μὲν</span> <span class='ocrx_word' id='word_1_6' title='bbox 647 218 736 258; x_wconf 82' lang='grc' dir='ltr'>τάπ’</span> <span class='ocrx_word' id='word_1_7' title='bbox 763 220 857 269; x_wconf 83' lang='grc' dir='ltr'>ἐμοῦ</span> <span class='ocrx_word' id='word_1_8' title='bbox 882 220 1119 271; x_wconf 76' lang='grc' dir='ltr'>δεδορκότες,</span> 
     </span>
     <span class='ocr_line' id='line_1_3' title="bbox 256 283 1219 338; baseline 0.007 -16"><span class='ocrx_word' id='word_1_9' title='bbox 256 283 444 336; x_wconf 83' lang='grc' dir='ltr'>σμικροὺς</span> <span class='ocrx_word' id='word_1_10' title='bbox 468 287 510 325; x_wconf 79' lang='grc' dir='ltr'>δὲ</span> <span class='ocrx_word' id='word_1_11' title='bbox 535 285 677 325; x_wconf 85' lang='grc' dir='ltr'>τούσδε</span> <span class='ocrx_word' id='word_1_12' title='bbox 705 285 765 325; x_wconf 86' lang='grc' dir='ltr'>καὶ</span> <span class='ocrx_word' id='word_1_13' title='bbox 791 286 936 338; x_wconf 82' lang='grc' dir='ltr'>πατρὸς</span> <span class='ocrx_word' id='word_1_14' title='bbox 961 285 1219 337; x_wconf 87' lang='grc' dir='ltr'>τητωμένους,</span> 
     </span>
     <span class='ocr_line' id='line_1_4' title="bbox 254 350 1482 405; baseline 0.004 -16"><span class='ocrx_word' id='word_1_15' title='bbox 254 350 344 392; x_wconf 87' lang='grc' dir='ltr'>τοὺς</span> <span class='ocrx_word' id='word_1_16' title='bbox 369 351 605 403; x_wconf 78' lang='grc' dir='ltr'>κρείσσονας</span> <span class='ocrx_word' id='word_1_17' title='bbox 631 350 827 402; x_wconf 83' lang='grc' dir='ltr'>σέβοντες</span> <span class='ocrx_word' id='word_1_18' title='bbox 854 351 1075 405; x_wconf 81' lang='grc' dir='ltr'>ἐξείργουσι</span> <span class='ocrx_word' id='word_1_19' title='bbox 1100 355 1184 405; x_wconf 85' lang='grc' dir='ltr'>γῆς.</span> <span class='ocrx_word' id='word_1_20' title='bbox 1445 367 1482 398; x_wconf 84' lang='grc'>25</span> 
     </span>
     <span class='ocr_line' id='line_1_5' title="bbox 255 417 1139 472; baseline 0.005 -16"><span class='ocrx_word' id='word_1_21' title='bbox 255 417 333 469; x_wconf 85' lang='grc' dir='ltr'>ἐγὼ</span> <span class='ocrx_word' id='word_1_22' title='bbox 359 418 399 457; x_wconf 80' lang='grc' dir='ltr'>δὲ</span> <span class='ocrx_word' id='word_1_23' title='bbox 426 417 499 458; x_wconf 87' lang='grc' dir='ltr'>σὺν</span> <span class='ocrx_word' id='word_1_24' title='bbox 525 418 721 470; x_wconf 81' lang='grc' dir='ltr'>φεύγουσι</span> <span class='ocrx_word' id='word_1_25' title='bbox 747 420 963 472; x_wconf 82' lang='grc' dir='ltr'>συμφεύγω</span> <span class='ocrx_word' id='word_1_26' title='bbox 988 419 1139 461; x_wconf 89' lang='grc' dir='ltr'>τέκνοις</span> 
     </span>
     <span class='ocr_line' id='line_1_6' title="bbox 256 483 1267 539; baseline 0.005 -16"><span class='ocrx_word' id='word_1_27' title='bbox 256 483 317 524; x_wconf 87' lang='grc' dir='ltr'>καὶ</span> <span class='ocrx_word' id='word_1_28' title='bbox 344 483 418 524; x_wconf 84' lang='grc' dir='ltr'>σὺν</span> <span class='ocrx_word' id='word_1_29' title='bbox 445 488 570 527; x_wconf 85' lang='grc' dir='ltr'>κακῶς</span> <span class='ocrx_word' id='word_1_30' title='bbox 594 484 826 537; x_wconf 84' lang='grc' dir='ltr'>πράσσουσι</span> <span class='ocrx_word' id='word_1_31' title='bbox 852 486 1102 539; x_wconf 72' lang='grc' dir='ltr'>συμπράσσοι)</span> <span class='ocrx_word' id='word_1_32' title='bbox 1130 491 1267 534; x_wconf 86' lang='grc' dir='ltr'>κακῶς,</span> 
     </span>
     <span class='ocr_line' id='line_1_7' title="bbox 254 551 1197 610; baseline 0.004 -19"><span class='ocrx_word' id='word_1_33' title='bbox 254 551 382 591; x_wconf 86' lang='grc' dir='ltr'>ὀκνῶν</span> <span class='ocrx_word' id='word_1_34' title='bbox 406 554 630 603; x_wconf 81' lang='grc' dir='ltr'>προδοῦναι,</span> <span class='ocrx_word' id='word_1_35' title='bbox 656 551 710 603; x_wconf 86' lang='grc' dir='ltr'>μή</span> <span class='ocrx_word' id='word_1_36' title='bbox 735 569 793 594; x_wconf 89' lang='grc' dir='ltr'>τις</span> <span class='ocrx_word' id='word_1_37' title='bbox 819 552 884 593; x_wconf 79' lang='grc' dir='ltr'>ὧδ’</span> <span class='ocrx_word' id='word_1_38' title='bbox 911 554 999 610; x_wconf 82' lang='grc' dir='ltr'>εἴπῃ</span> <span class='ocrx_word' id='word_1_39' title='bbox 1026 557 1197 606; x_wconf 83' lang='grc' dir='ltr'>βροτῶν·</span> 
     </span>
     <span class='ocr_line' id='line_1_8' title="bbox 247 616 1132 673; baseline 0.005 -16"><span class='ocrx_word' id='word_1_40' title='bbox 247 616 409 664; x_wconf 78' lang='grc' dir='ltr'>’Ίδεσθ’,</span> <span class='ocrx_word' id='word_1_41' title='bbox 438 618 572 669; x_wconf 78' lang='grc' dir='ltr'>ἐπειδὴ</span> <span class='ocrx_word' id='word_1_42' title='bbox 599 619 737 660; x_wconf 83' lang='grc' dir='ltr'>παισὶν</span> <span class='ocrx_word' id='word_1_43' title='bbox 763 619 832 660; x_wconf 78' lang='grc' dir='ltr'>οὐκ</span> <span class='ocrx_word' id='word_1_44' title='bbox 856 619 967 661; x_wconf 87' lang='grc' dir='ltr'>ἔστιν</span> <span class='ocrx_word' id='word_1_45' title='bbox 993 619 1132 673; x_wconf 87' lang='grc' dir='ltr'>πατήρ,</span> 
     </span>
     <span class='ocr_line' id='line_1_9' title="bbox 253 683 1487 740; baseline 0.006 -16"><span class='ocrx_word' id='word_1_46' title='bbox 253 683 409 727; x_wconf 82' lang='grc' dir='ltr'>Ἰόλαος</span> <span class='ocrx_word' id='word_1_47' title='bbox 434 684 501 726; x_wconf 82' lang='grc' dir='ltr'>οὐκ</span> <span class='ocrx_word' id='word_1_48' title='bbox 526 685 647 737; x_wconf 84' lang='grc' dir='ltr'>ἤμυνε</span> <span class='ocrx_word' id='word_1_49' title='bbox 673 686 869 739; x_wconf 79' lang='grc' dir='ltr'>συγγενὴς</span> <span class='ocrx_word' id='word_1_50' title='bbox 893 687 1031 740; x_wconf 85' lang='grc' dir='ltr'>γεγώς.</span> <span class='ocrx_word' id='word_1_51' title='bbox 1447 702 1487 732; x_wconf 90' lang='lat'>30</span> 
     </span>
     <span class='ocr_line' id='line_1_10' title="bbox 253 751 1081 806; baseline 0.004 -14"><span class='ocrx_word' id='word_1_52' title='bbox 253 751 386 802; x_wconf 86' lang='grc' dir='ltr'>πάσης</span> <span class='ocrx_word' id='word_1_53' title='bbox 411 754 453 793; x_wconf 77' lang='grc' dir='ltr'>δὲ</span> <span class='ocrx_word' id='word_1_54' title='bbox 476 753 607 806; x_wconf 86' lang='grc' dir='ltr'>χώρας</span> <span class='ocrx_word' id='word_1_55' title='bbox 632 752 830 796; x_wconf 85' lang='grc' dir='ltr'>Ἑλλάδος</span> <span class='ocrx_word' id='word_1_56' title='bbox 854 754 1081 805; x_wconf 82' lang='grc' dir='ltr'>τητώμενοι,</span> 
     </span>
     <span class='ocr_line' id='line_1_11' title="bbox 255 819 1183 876; baseline 0.003 -17"><span class='ocrx_word' id='word_1_57' title='bbox 255 821 484 872; x_wconf 81' lang='grc' dir='ltr'>Μαραθῶνα</span> <span class='ocrx_word' id='word_1_58' title='bbox 508 819 571 859; x_wconf 89' lang='grc' dir='ltr'>καὶ</span> <span class='ocrx_word' id='word_1_59' title='bbox 597 820 821 873; x_wconf 82' lang='grc' dir='ltr'>σύγκληρον</span> <span class='ocrx_word' id='word_1_60' title='bbox 847 822 1031 863; x_wconf 86' lang='grc' dir='ltr'>ἐλθόντες</span> <span class='ocrx_word' id='word_1_61' title='bbox 1056 822 1183 876; x_wconf 87' lang='grc' dir='ltr'>χθόνα</span> 
     </span>
     <span class='ocr_line' id='line_1_12' title="bbox 255 885 981 938; baseline 0.006 -13"><span class='ocrx_word' id='word_1_62' title='bbox 255 885 378 926; x_wconf 84' lang='grc' dir='ltr'>ἱκέται</span> <span class='ocrx_word' id='word_1_63' title='bbox 404 887 673 937; x_wconf 79' lang='grc' dir='ltr'>καθεζόμεσθα</span> <span class='ocrx_word' id='word_1_64' title='bbox 697 888 846 938; x_wconf 82' lang='grc' dir='ltr'>βώμιοι</span> <span class='ocrx_word' id='word_1_65' title='bbox 870 890 981 935; x_wconf 84' lang='grc' dir='ltr'>θεῶν,</span> 
     </span>
     <span class='ocr_line' id='line_1_13' title="bbox 255 954 1156 1008; baseline 0.003 -15"><span class='ocrx_word' id='word_1_66' title='bbox 255 955 588 1006; x_wconf 84' lang='grc' dir='ltr'>προσωφελῆσαι·</span> <span class='ocrx_word' id='word_1_67' title='bbox 627 955 743 994; x_wconf 80' lang='grc' dir='ltr'>πεδία</span> <span class='ocrx_word' id='word_1_68' title='bbox 767 956 842 1006; x_wconf 84' lang='grc' dir='ltr'>γὰρ</span> <span class='ocrx_word' id='word_1_69' title='bbox 867 957 989 1006; x_wconf 87' lang='grc' dir='ltr'>τῆσδε</span> <span class='ocrx_word' id='word_1_70' title='bbox 1013 954 1156 1008; x_wconf 86' lang='grc' dir='ltr'>χθονὸς</span> 
     </span>
     <span class='ocr_line' id='line_1_14' title="bbox 255 1019 1487 1074; baseline 0.005 -15"><span class='ocrx_word' id='word_1_71' title='bbox 255 1019 420 1062; x_wconf 86' lang='grc' dir='ltr'>δισσοὺς</span> <span class='ocrx_word' id='word_1_72' title='bbox 446 1023 640 1061; x_wconf 85' lang='grc' dir='ltr'>κατοικεῖν</span> <span class='ocrx_word' id='word_1_73' title='bbox 666 1020 838 1071; x_wconf 87' lang='grc' dir='ltr'>Θησέως</span> <span class='ocrx_word' id='word_1_74' title='bbox 863 1024 1004 1064; x_wconf 85' lang='grc' dir='ltr'>παῖδας</span> <span class='ocrx_word' id='word_1_75' title='bbox 1027 1022 1162 1074; x_wconf 84' lang='grc' dir='ltr'>λόγος,</span> <span class='ocrx_word' id='word_1_76' title='bbox 1448 1036 1487 1067; x_wconf 81' lang='grc'>35</span> 
     </span>
     <span class='ocr_line' id='line_1_15' title="bbox 255 1086 1097 1141; baseline 0.005 -15"><span class='ocrx_word' id='word_1_77' title='bbox 255 1086 385 1141; x_wconf 76' lang='grc' dir='ltr'>κλήρῳ</span> <span class='ocrx_word' id='word_1_78' title='bbox 411 1087 610 1140; x_wconf 84' lang='grc' dir='ltr'>λαχόντας</span> <span class='ocrx_word' id='word_1_79' title='bbox 636 1089 677 1128; x_wconf 89' lang='grc' dir='ltr'>ἐκ</span> <span class='ocrx_word' id='word_1_80' title='bbox 703 1086 840 1140; x_wconf 83' lang='grc' dir='ltr'>γένους</span> <span class='ocrx_word' id='word_1_81' title='bbox 865 1089 1097 1134; x_wconf 85' lang='grc' dir='ltr'>Πανδίονος,</span> 
     </span>
     <span class='ocr_line' id='line_1_16' title="bbox 254 1153 1114 1207; baseline 0.003 -14"><span class='ocrx_word' id='word_1_82' title='bbox 254 1153 380 1194; x_wconf 82' lang='grc' dir='ltr'>τοῖσδ’</span> <span class='ocrx_word' id='word_1_83' title='bbox 407 1153 523 1207; x_wconf 84' lang='grc' dir='ltr'>ἐγγὺς</span> <span class='ocrx_word' id='word_1_84' title='bbox 547 1155 674 1196; x_wconf 85' lang='grc' dir='ltr'>ὄντας·</span> <span class='ocrx_word' id='word_1_85' title='bbox 713 1155 767 1195; x_wconf 76' lang='grc' dir='ltr'>ὧν</span> <span class='ocrx_word' id='word_1_86' title='bbox 793 1154 900 1196; x_wconf 81' lang='grc' dir='ltr'>ἕκατι</span> <span class='ocrx_word' id='word_1_87' title='bbox 924 1153 1114 1207; x_wconf 85' lang='grc' dir='ltr'>τέρμονας</span> 
     </span>
     <span class='ocr_line' id='line_1_17' title="bbox 256 1220 1144 1274; baseline 0.002 -14"><span class='ocrx_word' id='word_1_88' title='bbox 256 1224 421 1261; x_wconf 82' lang='grc' dir='ltr'>κλεινῶν</span> <span class='ocrx_word' id='word_1_89' title='bbox 445 1220 623 1271; x_wconf 87' lang='grc' dir='ltr'>Ἀθηνῶν</span> <span class='ocrx_word' id='word_1_90' title='bbox 648 1220 752 1262; x_wconf 84' lang='grc' dir='ltr'>τόνδ’</span> <span class='ocrx_word' id='word_1_91' title='bbox 778 1221 1016 1274; x_wconf 86' lang='grc' dir='ltr'>ἀφικόμεσθ’</span> <span class='ocrx_word' id='word_1_92' title='bbox 1041 1222 1144 1274; x_wconf 85' lang='grc' dir='ltr'>ὅρον.</span> 
     </span>
     <span class='ocr_line' id='line_1_18' title="bbox 255 1287 1102 1341; baseline 0.002 -14"><span class='ocrx_word' id='word_1_93' title='bbox 255 1290 361 1328; x_wconf 84' lang='grc' dir='ltr'>δυοῖν</span> <span class='ocrx_word' id='word_1_94' title='bbox 387 1288 587 1340; x_wconf 86' lang='grc' dir='ltr'>γερόντοιν</span> <span class='ocrx_word' id='word_1_95' title='bbox 613 1290 654 1329; x_wconf 80' lang='grc' dir='ltr'>δὲ</span> <span class='ocrx_word' id='word_1_96' title='bbox 681 1291 958 1341; x_wconf 81' lang='grc' dir='ltr'>στρατηγεῖται</span> <span class='ocrx_word' id='word_1_97' title='bbox 982 1287 1102 1341; x_wconf 86' lang='grc' dir='ltr'>φυγή·</span> 
     </span>
     <span class='ocr_line' id='line_1_19' title="bbox 255 1354 1488 1408; baseline 0.004 -14"><span class='ocrx_word' id='word_1_98' title='bbox 255 1354 333 1407; x_wconf 84' lang='grc' dir='ltr'>ἐγὼ</span> <span class='ocrx_word' id='word_1_99' title='bbox 357 1356 429 1405; x_wconf 81' lang='grc' dir='ltr'>μὲν</span> <span class='ocrx_word' id='word_1_100' title='bbox 454 1355 557 1407; x_wconf 83' lang='grc' dir='ltr'>ἀμφὶ</span> <span class='ocrx_word' id='word_1_101' title='bbox 581 1357 715 1396; x_wconf 85' lang='grc' dir='ltr'>τοῖσδε</span> <span class='ocrx_word' id='word_1_102' title='bbox 743 1356 966 1408; x_wconf 88' lang='grc' dir='ltr'>καλχαίνων</span> <span class='ocrx_word' id='word_1_103' title='bbox 990 1354 1152 1403; x_wconf 84' lang='grc' dir='ltr'>τέκνοις,</span> <span class='ocrx_word' id='word_1_104' title='bbox 1446 1368 1488 1399; x_wconf 78' lang='lat'>40</span> 
     </span>
     <span class='ocr_line' id='line_1_20' title="bbox 254 1419 1130 1475; baseline 0.003 -15"><span class='ocrx_word' id='word_1_105' title='bbox 254 1419 277 1471; x_wconf 82' lang='grc' dir='ltr'>ἢ</span> <span class='ocrx_word' id='word_1_106' title='bbox 304 1420 336 1460; x_wconf 84' lang='grc' dir='ltr'>δ’</span> <span class='ocrx_word' id='word_1_107' title='bbox 362 1421 408 1461; x_wconf 77' lang='grc' dir='ltr'>αῧ</span> <span class='ocrx_word' id='word_1_108' title='bbox 433 1420 477 1461; x_wconf 83' lang='grc' dir='ltr'>τὸ</span> <span class='ocrx_word' id='word_1_109' title='bbox 503 1424 600 1472; x_wconf 91' lang='grc' dir='ltr'>θῆλυ</span> <span class='ocrx_word' id='word_1_110' title='bbox 627 1422 763 1464; x_wconf 86' lang='grc' dir='ltr'>παιδὸς</span> <span class='ocrx_word' id='word_1_111' title='bbox 789 1421 989 1473; x_wconf 82' lang='grc' dir='ltr'>Ἀλκμήνη</span> <span class='ocrx_word' id='word_1_112' title='bbox 1017 1421 1130 1475; x_wconf 83' lang='grc' dir='ltr'>γένος</span> 
     </span>
     <span class='ocr_line' id='line_1_21' title="bbox 255 1487 977 1541; baseline 0.003 -13"><span class='ocrx_word' id='word_1_113' title='bbox 255 1487 383 1528; x_wconf 81' lang='grc' dir='ltr'>ἕσωθε</span> <span class='ocrx_word' id='word_1_114' title='bbox 408 1491 502 1529; x_wconf 80' lang='grc' dir='ltr'>ναοῦ</span> <span class='ocrx_word' id='word_1_115' title='bbox 526 1488 627 1528; x_wconf 81' lang='grc' dir='ltr'>τοῦδ’</span> <span class='ocrx_word' id='word_1_116' title='bbox 652 1488 977 1541; x_wconf 82' lang='grc' dir='ltr'>ὑπηγκαλισμένη</span> 
     </span>
     <span class='ocr_line' id='line_1_22' title="bbox 256 1552 1086 1610; baseline 0.004 -17"><span class='ocrx_word' id='word_1_117' title='bbox 256 1552 381 1610; x_wconf 80' lang='grc' dir='ltr'>σῴζει·</span> <span class='ocrx_word' id='word_1_118' title='bbox 420 1554 509 1596; x_wconf 85' lang='grc' dir='ltr'>νέας</span> <span class='ocrx_word' id='word_1_119' title='bbox 536 1556 608 1608; x_wconf 80' lang='grc' dir='ltr'>γὰρ</span> <span class='ocrx_word' id='word_1_120' title='bbox 635 1555 849 1607; x_wconf 81' lang='grc' dir='ltr'>παρθένους</span> <span class='ocrx_word' id='word_1_121' title='bbox 874 1556 1086 1607; x_wconf 83' lang='grc' dir='ltr'>αἰδούμεθα</span> 
     </span>
     <span class='ocr_line' id='line_1_23' title="bbox 255 1621 1000 1676; baseline 0.003 -15"><span class='ocrx_word' id='word_1_122' title='bbox 255 1623 364 1676; x_wconf 80' lang='grc' dir='ltr'>ὄχλῳ</span> <span class='ocrx_word' id='word_1_123' title='bbox 391 1621 575 1672; x_wconf 80' lang='grc' dir='ltr'>πελάζειν</span> <span class='ocrx_word' id='word_1_124' title='bbox 601 1623 1000 1674; x_wconf 76' lang='grc' dir='ltr'>κάπιβωμιοστατεῖν.</span> 
     </span>
     <span class='ocr_line' id='line_1_24' title="bbox 248 1687 1484 1742; baseline 0.003 -14"><span class='ocrx_word' id='word_1_125' title='bbox 248 1687 401 1730; x_wconf 71' lang='grc' dir='ltr'>“Ύ’λλος</span> <span class='ocrx_word' id='word_1_126' title='bbox 427 1688 458 1728; x_wconf 86' lang='grc' dir='ltr'>δ’</span> <span class='ocrx_word' id='word_1_127' title='bbox 484 1690 655 1741; x_wconf 80' lang='grc' dir='ltr'>ἀδελφοί</span> <span class='ocrx_word' id='word_1_128' title='bbox 678 1689 712 1729; x_wconf 88' lang='grc' dir='ltr'>θ’</span> <span class='ocrx_word' id='word_1_129' title='bbox 739 1690 820 1730; x_wconf 73' lang='grc' dir='ltr'>οἷσι</span> <span class='ocrx_word' id='word_1_130' title='bbox 845 1690 1063 1742; x_wconf 75' lang='grc' dir='ltr'>πρεσβεύει</span> <span class='ocrx_word' id='word_1_131' title='bbox 1087 1688 1202 1742; x_wconf 82' lang='grc' dir='ltr'>γένος</span> <span class='ocrx_word' id='word_1_132' title='bbox 1444 1702 1484 1732; x_wconf 84' lang='grc'>45</span> 
     </span>
     <span class='ocr_line' id='line_1_25' title="bbox 257 1755 1067 1809; baseline 0.004 -15"><span class='ocrx_word' id='word_1_133' title='bbox 257 1755 410 1805; x_wconf 52' lang='lat' dir='ltr'>§profic-³</span> <span class='ocrx_word' id='word_1_134' title='bbox 437 1756 535 1796; x_wconf 86' lang='grc' dir='ltr'>ὅπου</span> <span class='ocrx_word' id='word_1_135' title='bbox 560 1757 631 1809; x_wconf 84' lang='grc' dir='ltr'>γῆς</span> <span class='ocrx_word' id='word_1_136' title='bbox 655 1756 805 1809; x_wconf 81' lang='grc' dir='ltr'>πύργον</span> <span class='ocrx_word' id='word_1_137' title='bbox 831 1757 1067 1808; x_wconf 82' lang='grc' dir='ltr'>οἶκιούμεθα,</span> 
     </span>
     <span class='ocr_line' id='line_1_26' title="bbox 254 1819 1166 1876; baseline 0.003 -15"><span class='ocrx_word' id='word_1_138' title='bbox 254 1819 302 1872; x_wconf 76' lang='grc' dir='ltr'>ἦν</span> <span class='ocrx_word' id='word_1_139' title='bbox 327 1822 439 1872; x_wconf 83' lang='grc' dir='ltr'>τῆσδ’</span> <span class='ocrx_word' id='word_1_140' title='bbox 466 1823 742 1874; x_wconf 84' lang='grc' dir='ltr'>ἀπωθώμεσθα</span> <span class='ocrx_word' id='word_1_141' title='bbox 767 1823 863 1875; x_wconf 86' lang='grc' dir='ltr'>πρὸς</span> <span class='ocrx_word' id='word_1_142' title='bbox 887 1825 983 1875; x_wconf 76' lang='grc' dir='ltr'>βίαν</span> <span class='ocrx_word' id='word_1_143' title='bbox 1008 1824 1166 1876; x_wconf 88' lang='grc' dir='ltr'>χθονός.</span> 
     </span>
     <span class='ocr_line' id='line_1_27' title="bbox 323 1887 1208 1943; baseline 0.001 -14"><span class='ocrx_word' id='word_1_144' title='bbox 323 1887 352 1929; x_wconf 69' lang='grc' dir='ltr'>ὦ</span> <span class='ocrx_word' id='word_1_145' title='bbox 376 1888 493 1930; x_wconf 85' lang='grc' dir='ltr'>τέκνα</span> <span class='ocrx_word' id='word_1_146' title='bbox 518 1889 647 1936; x_wconf 87' lang='grc' dir='ltr'>τέκνα,</span> <span class='ocrx_word' id='word_1_147' title='bbox 676 1893 800 1943; x_wconf 82' lang='grc' dir='ltr'>δεῦρο,</span> <span class='ocrx_word' id='word_1_148' title='bbox 826 1889 1078 1942; x_wconf 85' lang='grc' dir='ltr'>λαμβάνεσθ’</span> <span class='ocrx_word' id='word_1_149' title='bbox 1105 1892 1208 1941; x_wconf 85' lang='grc' dir='ltr'>ἐμῶν</span> 
     </span>
     <span class='ocr_line' id='line_1_28' title="bbox 255 1954 1102 2009; baseline 0.004 -13"><span class='ocrx_word' id='word_1_150' title='bbox 255 1954 431 1996; x_wconf 86' lang='grc' dir='ltr'>πέπλων·</span> <span class='ocrx_word' id='word_1_151' title='bbox 470 1956 544 2009; x_wconf 86' lang='grc' dir='ltr'>ὁρῶ</span> <span class='ocrx_word' id='word_1_152' title='bbox 573 1955 714 2008; x_wconf 84' lang='grc' dir='ltr'>κήρυκα</span> <span class='ocrx_word' id='word_1_153' title='bbox 738 1957 841 1997; x_wconf 84' lang='grc' dir='ltr'>τόνδ’</span> <span class='ocrx_word' id='word_1_154' title='bbox 868 1956 1102 2009; x_wconf 83' lang='grc' dir='ltr'>Εὐρυσθέως</span> 
     </span>
     <span class='ocr_line' id='line_1_29' title="bbox 257 2022 1485 2076; baseline 0.003 -15"><span class='ocrx_word' id='word_1_155' title='bbox 257 2022 455 2076; x_wconf 80' lang='grc' dir='ltr'>στείχοντ’</span> <span class='ocrx_word' id='word_1_156' title='bbox 483 2022 548 2075; x_wconf 85' lang='grc' dir='ltr'>ἐφ’</span> <span class='ocrx_word' id='word_1_157' title='bbox 574 2023 685 2074; x_wconf 80' lang='grc' dir='ltr'>ἡμᾶς,</span> <span class='ocrx_word' id='word_1_158' title='bbox 713 2023 757 2064; x_wconf 78' lang='grc' dir='ltr'>οὗ</span> <span class='ocrx_word' id='word_1_159' title='bbox 783 2023 1016 2075; x_wconf 83' lang='grc' dir='ltr'>διωκόμεσθ’</span> <span class='ocrx_word' id='word_1_160' title='bbox 1041 2025 1116 2065; x_wconf 83' lang='grc' dir='ltr'>ὕπο</span> <span class='ocrx_word' id='word_1_161' title='bbox 1443 2034 1485 2065; x_wconf 89' lang='lat'>50</span> 
     </span>
     <span class='ocr_line' id='line_1_30' title="bbox 256 2088 1000 2142; baseline 0.003 -13"><span class='ocrx_word' id='word_1_162' title='bbox 256 2088 389 2140; x_wconf 82' lang='grc' dir='ltr'>πάσης</span> <span class='ocrx_word' id='word_1_163' title='bbox 414 2090 555 2140; x_wconf 85' lang='grc' dir='ltr'>ἀλῆται</span> <span class='ocrx_word' id='word_1_164' title='bbox 580 2092 652 2142; x_wconf 81' lang='grc' dir='ltr'>γῆς</span> <span class='ocrx_word' id='word_1_165' title='bbox 678 2090 1000 2142; x_wconf 87' lang='grc' dir='ltr'>ἀπεστερημένοι.</span> 
     </span>
    </p>
   </div>
   <div class='ocr_carea' id='block_1_3' title="bbox 157 2180 1484 2310">
    <p class='ocr_par' dir='ltr' id='par_1_3' title="bbox 157 2180 1484 2310">
     <span class='ocr_line' id='line_1_31' title="bbox 199 2180 1484 2222; baseline 0.002 -11"><span class='ocrx_word' id='word_1_166' title='bbox 199 2190 238 2219; x_wconf 84' lang='lat'>27</span> <span class='ocrx_word' id='word_1_167' title='bbox 265 2180 448 2222; x_wconf 79' lang='grc' dir='ltr'>συμπάσχω</span> <span class='ocrx_word' id='word_1_168' title='bbox 464 2181 490 2212; x_wconf 87' lang='grc' dir='ltr'><em>Ρ</em></span> <span class='ocrx_word' id='word_1_169' title='bbox 609 2183 651 2220; x_wconf 83' lang='grc'>36</span> <span class='ocrx_word' id='word_1_170' title='bbox 674 2187 752 2213; x_wconf 86' lang='lat' dir='ltr'><strong>ante</strong></span> <span class='ocrx_word' id='word_1_171' title='bbox 770 2191 810 2221; x_wconf 83' lang='grc'>35</span> <span class='ocrx_word' id='word_1_172' title='bbox 828 2183 957 2213; x_wconf 85' lang='lat' dir='ltr'>traiecit</span> <span class='ocrx_word' id='word_1_173' title='bbox 975 2181 1206 2212; x_wconf 83' lang='lat' dir='ltr'>Wilamowitz</span> <span class='ocrx_word' id='word_1_174' title='bbox 1325 2190 1367 2219; x_wconf 86' lang='lat'>37</span> <span class='ocrx_word' id='word_1_175' title='bbox 1392 2180 1484 2213; x_wconf 79' lang='grc' dir='ltr'>ὄντος</span> 
     </span>
     <span class='ocr_line' id='line_1_32' title="bbox 157 2224 1479 2266; baseline 0.002 -13"><span class='ocrx_word' id='word_1_176' title='bbox 157 2224 293 2254; x_wconf 79' lang='lat' dir='ltr'>Dobree</span> <span class='ocrx_word' id='word_1_177' title='bbox 457 2227 499 2264; x_wconf 85' lang='lat'>38</span> <span class='ocrx_word' id='word_1_178' title='bbox 531 2225 618 2258; x_wconf 83' lang='grc' dir='ltr'>τόνδ’</span> <span class='ocrx_word' id='word_1_179' title='bbox 644 2225 724 2266; x_wconf 82' lang='lat' dir='ltr'>Lp:</span> <span class='ocrx_word' id='word_1_180' title='bbox 756 2226 848 2257; x_wconf 84' lang='grc' dir='ltr'>τῶνδ’</span> <span class='ocrx_word' id='word_1_181' title='bbox 876 2226 924 2255; x_wconf 91' lang='lat' dir='ltr'>P:</span> <span class='ocrx_word' id='word_1_182' title='bbox 955 2226 1044 2262; x_wconf 80' lang='grc' dir='ltr'>τήνδ’</span> <span class='ocrx_word' id='word_1_183' title='bbox 1071 2250 1078 2256; x_wconf 90' lang='grc'><strong>.</strong></span> <span class='ocrx_word' id='word_1_184' title='bbox 1104 2248 1113 2256; x_wconf 88' lang='grc'><strong>.</strong></span> <span class='ocrx_word' id='word_1_185' title='bbox 1138 2249 1144 2256; x_wconf 92' lang='grc'><em>.</em></span> <span class='ocrx_word' id='word_1_186' title='bbox 1174 2227 1247 2256; x_wconf 83' lang='grc' dir='ltr'>ὅδον</span> <span class='ocrx_word' id='word_1_187' title='bbox 1273 2224 1479 2263; x_wconf 86' lang='lat' dir='ltr'>Stephanus.</span> 
     </span>
     <span class='ocr_line' id='line_1_33' title="bbox 158 2267 1482 2310; baseline 0.001 -12"><span class='ocrx_word' id='word_1_188' title='bbox 158 2267 314 2298; x_wconf 79' lang='lat' dir='ltr'>Fortasse</span> <span class='ocrx_word' id='word_1_189' title='bbox 332 2268 425 2300; x_wconf 84' lang='grc' dir='ltr'>τόνδε</span> <span class='ocrx_word' id='word_1_190' title='bbox 444 2269 469 2299; x_wconf 85' lang='grc' dir='ltr'>θ’</span> <span class='ocrx_word' id='word_1_191' title='bbox 484 2268 625 2308; x_wconf 74' lang='grc' dir='ltr'>ἱκόμεσθ’</span> <span class='ocrx_word' id='word_1_192' title='bbox 715 2280 757 2308; x_wconf 90' lang='lat'>40</span> <span class='ocrx_word' id='word_1_193' title='bbox 780 2269 967 2310; x_wconf 84' lang='grc' dir='ltr'>χαλκαίνων</span> <span class='ocrx_word' id='word_1_194' title='bbox 982 2269 1007 2298; x_wconf 92' lang='lat' dir='ltr'>L</span> <span class='ocrx_word' id='word_1_195' title='bbox 1020 2268 1046 2298; x_wconf 88' lang='lat' dir='ltr'>P</span> <span class='ocrx_word' id='word_1_196' title='bbox 1064 2280 1070 2298; x_wconf 91' lang='grc'>;</span> <span class='ocrx_word' id='word_1_197' title='bbox 1095 2278 1180 2298; x_wconf 83' lang='lat' dir='ltr'>corr.</span> <span class='ocrx_word' id='word_1_198' title='bbox 1198 2268 1238 2308; x_wconf 80' lang='lat' dir='ltr'>lp</span> <span class='ocrx_word' id='word_1_199' title='bbox 1326 2278 1368 2306; x_wconf 85' lang='lat'>44</span> <span class='ocrx_word' id='word_1_200' title='bbox 1393 2268 1482 2299; x_wconf 82' lang='grc' dir='ltr'>κάπι-</span> 
     </span>
    </p>
   </div>
   <div class='ocr_carea' id='block_1_4' title="bbox 156 2311 1481 2395">
    <p class='ocr_par' dir='ltr' id='par_1_4' title="bbox 156 2311 1481 2395">
     <span class='ocr_line' id='line_1_34' title="bbox 156 2311 1481 2352; baseline -0.002 -9"><span class='ocrx_word' id='word_1_201' title='bbox 156 2314 396 2351; x_wconf 83' lang='grc' dir='ltr'>βωμιοστατεΐν</span> <span class='ocrx_word' id='word_1_202' title='bbox 420 2317 615 2352; x_wconf 84' lang='lat' dir='ltr'>suspectum</span> <span class='ocrx_word' id='word_1_203' title='bbox 632 2312 693 2343; x_wconf 83' lang='lat' dir='ltr'>sed</span> <span class='ocrx_word' id='word_1_204' title='bbox 709 2312 749 2343; x_wconf 89' lang='lat' dir='ltr'>cf.</span> <span class='ocrx_word' id='word_1_205' title='bbox 769 2312 832 2343; x_wconf 86' lang='lat' dir='ltr'>alia</span> <span class='ocrx_word' id='word_1_206' title='bbox 849 2312 952 2342; x_wconf 82' lang='lat' dir='ltr'>mirae</span> <span class='ocrx_word' id='word_1_207' title='bbox 968 2311 1225 2351; x_wconf 79' lang='lat' dir='ltr'>compositionis</span> <span class='ocrx_word' id='word_1_208' title='bbox 1243 2311 1413 2349; x_wconf 82' lang='lat' dir='ltr'>voeabula,</span> <span class='ocrx_word' id='word_1_209' title='bbox 1430 2321 1481 2341; x_wconf 80' lang='lat' dir='ltr'>vv.</span> 
     </span>
     <span class='ocr_line' id='line_1_35' title="bbox 159 2355 742 2395; baseline -0.002 -1"><span class='ocrx_word' id='word_1_210' title='bbox 159 2357 228 2394; x_wconf 69' lang='lat'>¹61,</span> <span class='ocrx_word' id='word_1_211' title='bbox 247 2364 310 2394; x_wconf 83' lang='lat'>495</span> <span class='ocrx_word' id='word_1_212' title='bbox 445 2357 485 2393; x_wconf 83' lang='lat'>46</span> <span class='ocrx_word' id='word_1_213' title='bbox 511 2355 660 2395; x_wconf 75' lang='grc' dir='ltr'>ζητοῦσιν</span> <span class='ocrx_word' id='word_1_214' title='bbox 679 2356 704 2385; x_wconf 83' lang='lat' dir='ltr'><strong>L</strong></span> <span class='ocrx_word' id='word_1_215' title='bbox 717 2356 742 2385; x_wconf 87' lang='lat' dir='ltr'>P</span> 
     </span>
    </p>
   </div>
  </div>
 </body>
</html>
