1651 2780
642 89 849 126 ΕΎΡῙΠΙ
865 88 987 125 ΔΟΎ

151 197 219 234 Au.
247 194 462 244 ἀπωλόμην
485 192 557 246 ἄρ’.
630 191 658 233 ὦ
683 191 832 238 τέκνον,
860 192 1043 232 κτενοῦσί
1064 208 1112 232 σε

250 261 382 300 δισσοὶ
407 260 605 310 λαβόντες
630 263 762 312 γῦπες·
800 259 820 298 ὁ
844 261 884 299 δὲ
911 257 1149 309 κεκλημένος
1432 270 1473 302 75

251 326 375 379 πατὴρ
401 325 453 366 ἔτ’
479 327 521 366 ἐν
547 329 752 378 Δελφοῖσι
774 324 962 379 τυγχάνει
984 325 1126 376 μένων.

151 396 221 434 Θε.
251 396 350 433 ὃοκῶ
375 394 449 445 γὰρ
475 392 542 432 οὐκ
567 393 615 433 ἂν
639 392 715 433 ὧδέ
740 392 777 432 σ’
803 393 851 433 ἂν
876 391 1071 444 πράσσειν
1097 396 1221 433 κακῶς

250 461 377 500 κείνου
401 460 606 512 παρόντος·
645 463 713 500 νῦν
738 459 770 499 δ’
797 459 939 511 ἔρημος
964 459 1002 500 εἶ
1022 461 1165 512 φίλων.

150 530 220 566 Αν.
246 526 325 567 οὐδ’
350 526 452 578 ἀμφὶ
477 525 645 576 Πηλέως
670 525 804 576 ἦλθεν,
832 526 883 568 ὡς
906 526 1006 577 ἥξοι,
1033 525 1169 578 φάτις;

150 596 221 634 Θε.
247 592 374 646 γέρων
400 594 547 634 ἐκεῖνος
572 594 676 634 ὥστε
702 593 741 631 σ’
767 593 940 645 ὠφελεῖν
965 594 1111 645 παρών.
1431 597 1474 626 80

150 663 219 701 Αν.
248 660 308 700 καὶ
331 659 408 711 μὴν
434 659 581 713 ἔπεμψ’
608 659 669 700 ἐπ’
694 659 812 700 αὐτὸν
837 660 909 712 οὐχ
935 659 1043 710 ἅπαξ
1063 660 1198 711 μόνον.

150 729 221 767 Θε.
247 731 330 777 μῶν
355 726 422 767 οὖν
447 729 574 768 δοκεῖς
600 744 674 767 σου
699 728 914 779 φροντίσαι
936 726 1009 766 τιν’
1034 725 1236 778 ἀγγέλων,-

148 796 218 833 Αν.
246 794 385 840 πόθεν;
426 792 554 834 θέλεις
579 793 647 834 οὖν
671 793 842 845 ἅγγελος
867 793 918 832 σύ
941 810 1006 844 μοι
1029 796 1184 843 μολεῖι·;

149 863 220 900 Θε.
248 861 288 900 τί
310 862 405 909 δῆτα
432 859 551 912 φήσω
576 860 736 912 χρόνιος
760 859 847 899 οῧσ’
874 860 916 898 ἐκ
942 857 1146 909 δωμάτωιτ

147 930 217 966 Αν.
244 928 399 968 πολλὰς
424 925 472 966 ἂν
497 927 622 978 εὕροις
646 923 837 978 μηχανάς·
876 925 972 977 γυνὴ
998 927 1072 977 γὰρ
1099 925 1144 965 εἳ.
1433 928 1471 967 85

149 995 221 1034 Θε.
249 994 437 1034 κίνδυνος·
474 991 663 1044 Ἑρμιόνη
688 994 764 1044 γὰρ
788 992 833 1031 οὐ
858 991 1024 1043 σμικρὸν
1048 990 1200 1044 φύλαξ.

148 1063 218 1100 Αν.
244 1060 354 1114 ὁρᾷς;
393 1060 568 1113 ἀπαυδᾷς
594 1060 636 1099 ἐν
664 1062 793 1100 κακοῖς
820 1059 978 1111 φίλοισι
1003 1060 1102 1098 σοῖς.

148 1129 220 1167 Θε.
247 1126 292 1167 οὐ
317 1129 425 1176 δῆτα·
462 1128 583 1177 μηδὲν
607 1125 708 1165 τοῦτ’
733 1126 930 1180 ὀνειδίσῃς
955 1125 1053 1175 ε’μοί.

247 1193 339 1233 ἀλλ’
365 1192 452 1244 εἶμ’,
481 1194 569 1233 ἐπεί
590 1209 651 1232 τοι
677 1191 746 1232 κού
769 1193 1037 1244 περίβλεπτος
1058 1191 1150 1243 βίος

246 1261 389 1310 δούλης
413 1260 606 1312 γυναικός,
633 1259 682 1310 ἥν
705 1276 744 1299 τι
770 1259 833 1299 καὶ
853 1256 965 1299 πάθω
991 1259 1124 1298 κακόν.
1435 1269 1475 1302 90

147 1330 218 1367 Αν.
243 1328 365 1380 χώρει
389 1344 470 1367 νυν·
508 1327 618 1377 ἡμεῖς
643 1325 689 1372 δ’,
716 1326 857 1376 οἷσπερ
883 1324 1107 1377 ἐγκείμεσθ’
1133 1325 1192 1365 ἀεὶ

247 1392 428 1446 θρήνοισι
453 1394 516 1433 καὶ
539 1393 674 1445 γόοισι
698 1393 761 1433 καὶ
785 1392 1018 1444 δακρύμασι,

246 1459 343 1511 πρὸς
367 1459 488 1511 αἰθέρ’
514 1461 759 1510 ε’κτενοῦμεν·
798 1458 1000 1511 ἐμπέφυκε
1023 1460 1099 1512 γὰρ

246 1525 400 1578 γυναιξὶ
424 1526 564 1578 τέρψις
589 1530 666 1567 τῶν
690 1526 954 1578 παρεστώτων
980 1529 1108 1565 κακῶν

249 1594 323 1633 ἀνὰ
347 1592 460 1644 στόμ’
485 1593 546 1633 ἀεὶ
571 1594 634 1633 καὶ
659 1594 720 1632 διὰ
745 1593 938 1645 γλώσσης
962 1592 1082 1644 ἔχειν.
1433 1603 1473 1634 95

247 1658 414 1711 πάρεστι
440 1659 473 1699 δ’
499 1659 572 1713 οὐχ
596 1659 638 1700 ἓν
664 1660 769 1699 ἀλλὰ
794 1658 927 1699 πολλά
951 1675 1016 1709 μοι
1042 1657 1208 1702 στένειν,

248 1727 368 1767 πόλιν
391 1725 572 1780 πατρῴαν
599 1726 667 1766 τὸν
692 1726 862 1766 θανόντα
887 1724 921 1765 θ’
939 1724 1112 1776 ’Έκτορα

248 1793 413 1845 στερρόν
436 1810 479 1833 τε
504 1793 571 1833 τὸν
597 1793 693 1844 ἐμὸν
716 1792 866 1843 δαίμον’
893 1790 920 1846 ᾧ
945 1792 1161 1843 συνεζύγην

247 1860 425 1900 δούλειον
450 1859 554 1911 ἦμαρ
578 1859 810 1900 εἰσπεσοῦσ’
836 1858 1014 1910 ἀναξίως.

247 1926 322 1980 χρὴ
348 1926 380 1966 δ’
406 1926 538 1967 οὔποτ’
565 1928 690 1967 εἰπεῖν
714 1925 838 1966 οὐδέν’
863 1927 1008 1977 ὄλβιον
1032 1928 1199 1976 βροτῶν,
1410 1937 1474 1958 100

248 1994 340 2045 ’πρὶν
364 1993 413 2034 ἂν
437 1994 626 2035 θανόντος
649 1993 721 2043 τὴν
744 1994 976 2033 τελευταίαν
1000 1993 1083 2048 ἴδῃς

246 2061 352 2102 ὅπως
377 2058 553 2113 περάσας
576 2059 724 2112 ἡμέραν
748 2058 832 2110 ἥξει
858 2057 972 2099 κάτω.

189 2163 228 2192 77
247 2154 303 2184 οὐκ
314 2153 368 2193 ἂν]
380 2153 505 2187 οὐδὲνΣ
522 2153 795 2193 NOttobonensis)
808 2158 841 2182 et
854 2153 967 2183 Haun.
1062 2163 1102 2190 79
1118 2152 1225 2192 ἥξειν
1311 2153 1355 2183 80
1369 2150 1473 2193 γέρων

144 2197 175 2237 ’γ’
203 2197 228 2226 L
384 2198 424 2226 82
450 2200 553 2229 δοκεῖς
578 2200 636 2229 σοῦ
660 2197 774 2227 Ambr.
802 2196 833 2226 M
848 2196 912 2226 V‘2:
937 2198 1027 2228 δοκεῖ
1047 2209 1106 2227 σου
1131 2195 1178 2225 L:
1211 2198 1303 2227 δοκεῖ
1323 2208 1374 2227 σοι
1399 2195 1470 2226 rell.

145 2241 186 2278 83
209 2243 324 2279 μολεῖν
342 2240 381 2272 σύ
397 2254 449 2280 μοι
468 2240 494 2270 Β
509 2241 539 2271 O
553 2241 590 2282 P,
610 2242 651 2271 ob
668 2246 844 2271 accentum
935 2241 977 2269 86
1002 2240 1136 2279 σμικρὸν
1152 2238 1258 2279 φύλαξ
1273 2238 1469 2269 Kirchhoff:

146 2285 278 2325 σμικρὸν
310 2285 408 2324 φίλον
437 2284 581 2314 Amb1·.:
618 2285 734 2325 σμικρὰ
764 2284 870 2324 φύλαξ
901 2283 971 2313 rell.
1008 2288 1041 2313 et
1072 2282 1191 2312 Orion.
1225 2282 1334 2321 Etym.
1366 2293 1398 2321 p.
1429 2283 1472 2312 26

145 2329 187 2366 89
211 2326 280 2359 κατ’
296 2328 395 2358 ἐνίους
413 2327 447 2358 δὲ
459 2327 616 2368 γράφεται
634 2329 731 2369 χωρὶς
747 2330 804 2358 τοῦ
819 2333 872 2359 OT
889 2353 894 2358 .
915 2351 922 2357 .
942 2351 949 2358 .
970 2329 1002 2358 ἐν
1018 2327 1156 2368 εἰρωνείᾳ
1171 2331 1193 2359 Σ
1283 2336 1325 2364 94
1343 2325 1469 2367 τέρψις]

145 2374 277 2411 μέμψεις
297 2370 524 2409 Hcrwcrden,
543 2371 581 2401 el.
603 2371 685 2402 Plat.
709 2372 811 2409 Legg.
832 2372 895 2409 684
911 2371 939 2400 D
1079 2380 1140 2400 100
1164 2375 1239 2410 Χορ.
1258 2369 1362 2409 praes.
1386 2369 1417 2398 M
