1651 2780
503 228 1058 283 ΙΠΠΟΛΤΤΟΣ

442 564 730 603 ΎΠΟΘΕΣΙΣ
783 564 1112 603 ΙΠΠΟΛΎΤΟΎ

760 674 784 712 I

157 743 289 787 Θησεὺς
318 743 386 777 υἱὸς
417 743 476 788 μὲν
507 741 546 786 ἧν
574 742 700 788 Αἴθρας
732 744 784 778 καὶ
815 744 1042 787 Ποσειδῶνος,
1073 745 1242 787 βασιλεὺς
1277 745 1312 779 δέ
1343 743 1443 788 '‘Aeq-

109 802 218 836 ναίων·
244 801 352 848 γήμας
366 802 401 836 δὲ
414 803 490 846 μίαν
504 805 571 837 τῶν
584 801 811 846 Ἀμαζονίδων
823 801 1040 846 Ἱππολύτην,
1051 801 1257 838 Ἱππόλυτον
1272 803 1444 849 ἐγέννησε,

108 862 226 895 κάλλει
244 874 280 894 τε
299 861 350 894 καὶ
376 859 586 905 σωφροσύνῃ
606 860 826 905 διαφέροντα.
875 860 949 896 ἐπεὶ
967 861 1003 895 δὲ
1023 860 1041 903 ἡ
1060 864 1268 896 συνοικοῦσα
1292 862 1350 896 τὸν
1367 862 1444 902 βίον

107 915 330 960 μετήλλαξεν,
357 915 605 961 ἐπεισηγάγετο
634 916 800 961 Κρητικὴν
829 918 982 961 γυναῖκα,
1008 916 1068 960 τὴν
1095 917 1188 951 Μίνω
1219 919 1279 951 τοῦ
1306 921 1444 962 Κρητῶν

71 986 87 1017 5
107 973 282 1015 βασιλέως
307 974 359 1008 καὶ
382 974 570 1018 Πασιφάης
596 974 765 1020 θυγατέρα
784 975 944 1020 Φαίδραν.
995 976 1013 1008 ὁ
1038 975 1074 1009 δέ
1094 975 1226 1018 Θησεὺς
1244 975 1444 1018 Πάλλαντα,

107 1032 165 1067 ἕνα
191 1035 256 1066 τῶν
282 1035 469 1077 συγγενῶν,
488 1031 663 1076 φονεύσας
682 1031 804 1078 φεύγει
832 1033 879 1067 εἷς
896 1034 1061 1078 Τροιζῆνα
1086 1034 1170 1077 μετὰ
1194 1034 1252 1077 τῆς
1275 1035 1443 1079 γυναικός,

107 1091 146 1125 οὗ
173 1092 352 1134 συνέβαινε
376 1092 434 1126 τὸν
451 1090 655 1126 Ἱππόλυτον
678 1091 771 1136 παρὰ
796 1090 918 1126 Πιτθεῖ
939 1091 1140 1137 τρέφεσθαι.
1191 1091 1382 1137 θεασαμένη
1409 1092 1443 1126 δέ

106 1152 165 1185 τὸν
191 1151 366 1187 νεανίσκον
392 1150 410 1194 ἡ
434 1151 564 1197 Φαίδρα
589 1151 635 1186 εἷς
659 1150 838 1195 ἐπιθυμίαν
863 1150 1020 1191 ὤλισθεν,
1043 1152 1101 1185 οὐκ
1127 1150 1319 1186 ἀκόλαστος
1345 1150 1442 1193 οὖσα,

107 1211 289 1255 πληροῦσα
319 1210 355 1243 δέ
381 1208 588 1254 Ἀφροδίτης
618 1209 724 1253 μῆνιν,
755 1207 774 1251 ἣ
805 1209 863 1244 τὸν
892 1207 1096 1243 Ἱππόλυτον
1126 1208 1180 1243 διὰ
1211 1208 1444 1253 σωφροσύνην

50 1280 88 1302 10
107 1267 239 1302 ἀνελεῖν
270 1267 412 1313 κρίνασα
445 1267 505 1311 τὴν
535 1267 684 1312 Φαίδραν
715 1267 760 1302 εἷς
790 1266 899 1312 ἔρωτα
929 1268 1149 1312 παρώρμησε,
1178 1266 1278 1302 τέλος
1307 1267 1343 1301 δὲ
1373 1268 1444 1302 τοῖς

106 1326 325 1372 προ-τεθεῖσιν
347 1325 498 1369 ἐπέθηκε.
550 1324 725 1371 στέγουσα
745 1325 812 1370 γὰρ
829 1324 891 1369 τὴν
912 1327 1017 1359 νόσον
1034 1324 1052 1368 ἡ
1071 1325 1198 1371 Φαίδρα
1225 1327 1336 1371 χρόνῳ
1358 1325 1445 1370 πρὸς

107 1384 167 1428 τὴν
192 1385 323 1429 τροφὸν
349 1384 501 1428 δηλῶσαι
527 1382 736 1430 ἠναγκάσθη,
762 1385 1115 1429 κατεπαγγειλαμένην
1141 1384 1223 1428 αὐτῇ
1249 1382 1443 1428 βοηθήσειν.

107 1443 177 1487 ἥτις
191 1443 244 1477 καὶ
258 1443 349 1489 παρὰ
365 1442 425 1486 τὴν
435 1442 636 1488 προαίρεσιν
648 1443 773 1487 λόγους
787 1442 998 1488 προσήνεγκε
1013 1443 1059 1489 τῷ
1072 1442 1244 1489 νεανίσκῳ.
1279 1443 1443 1486 τραχυνό-

107 1516 206 1546 μενον
224 1501 261 1536 δὲ
278 1501 378 1536 αὐτὸν
396 1500 414 1545 ἡ
433 1501 561 1546 Φαίδρα
581 1500 825 1545 καταμαθοῦσα
843 1503 885 1544 τῇ
902 1501 963 1545 μὲν
981 1501 1102 1547 τροφῷ
1119 1500 1322 1544 ἐπέπληξεν,
1341 1500 1444 1544 αὑτὴν

51 1570 87 1602 15
108 1559 143 1593 δέ
162 1559 340 1604 ἀνήρτησε.
392 1557 464 1593 καθ’
483 1558 521 1593 ὃν
539 1560 653 1603 καιρὸν
671 1558 791 1603 φανεὶς
811 1558 944 1602 Θησεὺς
964 1560 1017 1593 καὶ
1039 1558 1193 1592 καθελεῖν
1210 1556 1367 1593 σπεύδων
1383 1557 1444 1601 τὴν

107 1617 414 1662 ἀπηγχονισμένην,
435 1615 530 1662 εὗρεν
554 1617 637 1659 αὐτῇ
659 1615 941 1661 προσηρτημένην
966 1616 1099 1660 δέλτον,
1122 1615 1164 1650 δι’
1182 1614 1220 1660 ἧς
1236 1614 1443 1650 Ἱππολύτου

107 1675 244 1721 φθορὰν
270 1676 446 1720 κατηγόρει
474 1672 544 1709 κατ’
571 1674 771 1719 ἐπιβουλήν.
824 1673 1014 1709 πιστεύσας
1042 1674 1078 1708 δὲ
1104 1675 1174 1708 τοῖς
1197 1672 1443 1719 γεγραμμένοις

107 1735 166 1767 τὸν
195 1733 255 1778 μὲν
284 1732 489 1768 Ἱππόλυτον
519 1732 660 1776 ἐπέταξε
690 1732 843 1778 φεύγειν,
872 1732 969 1767 αὐτὸς
997 1732 1033 1765 δὲ
1063 1733 1110 1778 τῷ
1138 1730 1330 1766 Ποσειδῶνι
1359 1730 1442 1776 ἀρὰς

107 1792 213 1833 ἔθετο,
245 1792 291 1826 ὧν
319 1789 510 1826 ἐπακούσας
540 1792 558 1825 ὁ
588 1790 664 1826 θεὸς
696 1791 755 1825 τὸν
781 1790 986 1825 Ἱππόλυτον
1019 1789 1225 1835 διέφθειρεν.
1279 1787 1443 1834 ’Ἄρτεμις

52 1861 92 1884 20
110 1850 145 1884 δέ
175 1853 242 1884 τῶν
271 1850 500 1896 γεγενημένων
530 1849 656 1885 ἕκαστα
688 1849 941 1894 διασαφήσασα
973 1850 1090 1893 Θησεῖ,
1120 1848 1179 1891 τὴν
1206 1849 1266 1892 μὲν
1293 1847 1443 1893 Φαίδραν

154 1946 297 1978 Exstant
324 1947 409 1977 haec
438 1947 472 1976 in
503 1945 798 1985 MABVPNap.
814 1946 843 1975 D
863 1957 869 1975 :
898 1950 997 1985 caput
1023 1945 1054 1976 II
1080 1955 1142 1976 om.
1173 1944 1199 1975 P
1224 1944 1271 1985 (et
1295 1944 1437 1985 Haun.).

107 1990 251 2021 Videtur
273 1990 538 2021 contaminatum
556 2001 632 2021 esse
650 1994 896 2029 argumentum,
913 2000 988 2019 nam
1008 1989 1090 2019 falsa
1107 1993 1186 2019 sunt
1203 1998 1290 2027 quae
1307 1999 1358 2019 vv.
1381 1998 1442 2018 11—

112 2036 150 2064 16
182 2035 348 2073 dicuntur,
376 2044 456 2065 vera
482 2034 627 2065 fortasse
654 2034 789 2064 fuerunt
816 2034 858 2063 de
887 2033 998 2072 priore
1021 2031 1217 2072 Hippolyto
1243 2031 1442 2073 (στέργουσα

111 2102 117 2109 .
138 2103 143 2108 .
163 2102 170 2108 .
192 2077 493 2119 ἀπηγχονισμένην)
589 2088 602 2108 1
630 2079 694 2110 υἱὸς
708 2077 792 2116 Nap.
809 2077 860 2107 D:
886 2087 952 2108 om.
968 2077 1071 2106 ceteri
1142 2078 1247 2117 αἴθρας
1261 2075 1442 2113 ἴππολύτης

109 2121 139 2151 Α
154 2122 179 2151 Β
196 2122 307 2152 Haun.
326 2122 400 2159 (sed
414 2132 498 2152 corr.
512 2121 544 2152 A
555 2121 602 2163 Β)
703 2132 722 2151 2
747 2119 958 2160 Ἱππολύτην]
973 2119 1145 2157 Ἀντιόπην
1160 2119 1189 2149 D
1290 2129 1310 2157 4
1336 2119 1440 2159 Μίνω]

111 2166 234 2197 Μίνωος
249 2165 275 2195 Β
290 2165 375 2204 Nap.
499 2174 519 2204 5
543 2166 594 2198 καὶ
612 2164 774 2205 πασιφάης
788 2174 853 2195 om.
868 2163 899 2193 M
913 2163 943 2193 A
957 2163 983 2193 Β
1099 2173 1140 2193 10
1162 2163 1224 2201 τὴν
1241 2186 1247 2193 .
1269 2186 1275 2193 .
1295 2186 1301 2192 .
1319 2163 1441 2204 παρώρ-

109 2221 193 2248 μησε
218 2218 282 2239 om.
303 2207 335 2238 M
348 2209 379 2239 A
393 2209 419 2239 B
536 2220 549 2239 1
560 2220 573 2240 1
602 2208 736 2247 ἐπέθηκε
755 2207 839 2246 Nap.
854 2207 879 2237 Ρ
896 2219 902 2238 :
932 2207 1023 2245 ἔθηκε
1042 2206 1074 2236 Μ
1086 2207 1117 2237 Α
1130 2207 1156 2237 Β
1168 2206 1199 2236 V
1274 2205 1441 2247 στέγουσα

109 2252 344 2283 Valckenaer:
378 2252 564 2295 στέργουσα
588 2253 698 2286 codd..
717 2252 861 2282 fortasse
886 2255 980 2282 recte
1002 2252 1029 2281 si
1053 2251 1094 2281 de
1117 2251 1232 2289 priore
1250 2248 1441 2289 Hippolyto

110 2296 236 2326 dictum
254 2301 306 2327 est
465 2297 528 2338 γὰρ
546 2296 632 2335 Nap.
649 2307 654 2325 :
681 2295 716 2328 δὲ
734 2295 839 2326 ceteri
943 2295 962 2333 ἡ
979 2295 1095 2336 Φαίδρα
1114 2294 1197 2333 Nap.
1216 2304 1222 2323 z
1249 2303 1313 2323 om.
1333 2292 1440 2323 ceteri

114 2350 151 2369 12
180 2340 199 2378 ἡ
217 2339 251 2372 δὲ
269 2340 558 2381 κατεπηγγείλατο
576 2340 678 2379 Nap.:
707 2337 1037 2380 κατεπαγγειλαμένη
1055 2338 1159 2368 ceteri
1179 2337 1267 2378 <-νην
1286 2336 1439 2374 Brunck)

114 2394 150 2422 13
168 2385 219 2415 καὶ
237 2384 319 2425 παρὰ
338 2383 421 2423 Nap.
440 2384 465 2414 P
479 2384 508 2413 D
524 2394 530 2414 :
556 2384 639 2416 κατὰ
653 2383 683 2413 Μ
696 2383 727 2413 Α
740 2382 766 2413 Β
779 2383 808 2412 V
892 2382 1071 2423 προήνεγκε
1086 2381 1118 2411 Μ
1133 2381 1160 2411 Β
1283 2389 1321 2420 15
1346 2378 1440 2412 σπεύ-

111 2427 188 2468 δων]
208 2427 309 2460 θέλων
328 2427 412 2467 Nap.
430 2427 457 2458 P
614 2436 650 2467 17
677 2428 747 2459 κατ’
764 2425 1013 2457 Wilamowitz:
1040 2426 1090 2457 καὶ
1107 2424 1202 2457 codd.
