1651 2780
360 494 432 532 TA
477 494 590 532 TO'Y*
639 495 937 534 ΔΡΑΜΑΤΟΣ
987 496 1253 534 ΠΡΟΣΩΠΑ

149 610 467 650 ANAPOMAXH
507 630 513 639 ι’
853 610 1059 653 ΠΗΛΕὙΣ

152 689 467 731 ΘΕΡΑΠΑΙΝΑ-
850 691 1068 732 ΤΡοΦοΣ-

150 770 322 811 ΧοΡοΣ
852 772 1108 813 ΟΡΕΣΤΗΣν

152 851 407 891 EPMIONH‘
854 853 1101 894 ΑΓΓΕΛΟΣῐ

155 933 430 975 ΜΕΝΕΛΑΟΣ
855 932 1008 973 ΘΕΤιΣ
1041 954 1051 964 »

161 1013 286 1054 ΠΑΙΣ
323 1013 671 1055 ΑΝΔΡΟΜΑΧΗΣ

199 1125 254 1155 Sic
275 1123 311 1154 L²
330 1125 444 1162 (deest
467 1125 508 1165 L)
532 1125 596 1155 nisi
615 1126 706 1164 quod
730 1124 872 1167 θεράπων
897 1126 953 1156 dat
978 1135 1038 1165 pro
1064 1125 1182 1168 τροφός
1202 1126 1254 1167 (ef.
1275 1126 1317 1157 ad
1339 1137 1389 1158 vv.
1408 1128 1484 1167 802,

155 1169 235 1208 851)
251 1173 296 1206 et,
312 1178 386 1198 curn
405 1168 477 1200 rell.
498 1169 667 1206 omnibus,
683 1169 854 1201 Μολοττός
871 1179 932 1208 pro
947 1172 1025 1202 Παῖς
1039 1170 1283 1211 Ἀνδρομάχης;
1311 1170 1350 1201 cs.
1370 1170 1485 1201 Dram.

158 1212 252 1243 Pers.
267 1211 342 1242 Alc.
362 1216 395 1242 et
413 1211 527 1243 Hclid.
545 1218 577 1243 et
593 1212 689 1243 Paus.
707 1213 726 1244 i.
746 1222 792 1242 11.
842 1212 1005 1244 Ordinem
1025 1214 1094 1244 rell.
1118 1214 1283 1253 praebent
1300 1214 1356 1245 alii
1374 1214 1484 1246 alium.

158 1254 252 1287 Θέτις
265 1256 388 1286 omissa
402 1256 434 1285 in
449 1255 480 1285 M
496 1255 533 1287 V.
573 1256 610 1286 In
624 1256 739 1287 Ambr.
755 1261 849 1286 extat
863 1268 868 1287 :
895 1256 1090 1297 ἀνδρομάχη.
1127 1256 1305 1299 θεράπαινα.
1344 1258 1482 1299 ἑρμιόνη.

157 1299 322 1339 μενέλαος.
369 1299 497 1341 τροφός.
547 1299 728 1339 μολοττόςε
755 1299 882 1339 reliqua
900 1299 1042 1331 evanida

209 1655 343 1690 Aetam
381 1666 463 1690 esse
501 1654 596 1690 intra
632 1667 749 1690 annos
789 1665 953 1699 430—424
987 1656 1293 1691 Andromacham
1331 1664 1488 1701 arguunt

162 1714 316 1737 nurnerl.
369 1702 423 1737 Cf.
444 1706 478 1737 Σ.
497 1711 577 1746 445.
627 1702 814 1746 εἰλικρινῶς
834 1703 869 1736 δέ
888 1717 966 1737 τοις
984 1705 1044 1738 τοῦ
1072 1703 1241 1747 δράματος
1265 1704 1409 1748 χρόνους
1433 1704 1490 1737 οὐκ

163 1750 238 1784 ἔστι
262 1750 395 1789 λαβεῖι·
432 1765 471 1783 ου
498 1749 689 1783 δεδίδακτηι
712 1750 778 1795 ’γὰρ
795 1747 989 1793 Ἀθήνησιν
1044 1749 1081 1783 O
1107 1750 1143 1784 δέ
1170 1751 1392 1795 Καλλίμαχος
1419 1750 1490 1785 ἐπι-

163 1796 336 1843 γραφῆναί
362 1797 450 1841 φησι
480 1795 519 1839 τῇ
547 1796 714 1851 τραγῳδίᾳ
742 1798 961 1841 Δημοκράτην
989 1797 1215 1842 (Τιμοκράτην
1242 1797 1418 1842 Bergk).

164 1845 321 1889 φαίνεται
348 1843 385 1877 δὲ
408 1857 639 1889 γεγραμμενον
663 1844 700 1877 τὸ
728 1843 836 1887 ὅραμα
861 1843 898 1877 ἐν
927 1844 1047 1889 ἀρχαῖς
1076 1847 1136 1878 τοῦ
1168 1845 1492 1898 Πελοποννησιακοῦ

164 1891 327 1935 πολέμου.
379 1892 473 1925 Cum
492 1891 723 1925 Timocrates
742 1891 900 1935 Argivus
926 1891 1087 1925 carmina
1107 1891 1277 1936 Euripidi
1301 1891 1492 1936 scripsisse

166 1938 311 1973 dicatur
325 1938 508 1981 (Vit.Eur.
522 1948 602 1982 cap.
616 1936 649 1981 1)
663 1938 818 1972 fortasse
831 1938 940 1982 Argis
956 1945 1078 1973 aetam
1093 1939 1205 1973 fuisse
1220 1939 1317 1973 hane
1328 1939 1492 1974 fabulam

167 1985 324 2020 coniecit
343 1986 477 2020 Nauck
498 1984 583 2029 (vol.
599 1984 620 2019 i.
637 1997 669 2030 p.
684 1985 781 2028 xviii,
800 1985 972 2020 editionis
993 1986 1134 2031 Eurip.)
1186 1987 1210 2029 (‘
1225 1987 1368 2027 Immo,
1361 1999 1368 2006 ·
1395 1987 1492 2021 nulla

166 2033 231 2067 fuit
269 2033 305 2067 in
341 2031 568 2067 Didascaliis
605 2033 871 2068 Andromacha
908 2033 1118 2077 Euripidis:
1162 2045 1251 2078 ergo
1287 2040 1350 2068 aut
1391 2040 1493 2068 extra

168 2081 346 2123 Athenas,
371 2080 472 2125 quod
494 2079 552 2114 vix
576 2080 762 2123 credibile,
784 2080 893 2114 docta
915 2087 980 2122 est,
999 2087 1061 2115 aut
1086 2081 1153 2115 sub
1178 2081 1298 2115 alieno
1323 2081 1493 2115 nomine:

169 2134 206 2162 at
236 2128 443 2172 exemplum
474 2127 595 2162 alieno
622 2127 772 2162 nomine
800 2122 1019 2172 inscriptum
1050 2128 1188 2164 invenit
1219 2127 1491 2163 Callimachus:

169 2176 237 2209 hoe
257 2174 368 2218 igitur
385 2177 531 2210 verum.²
580 2174 836 2219 Wilamowitz)

218 2222 375 2257 Codices
390 2223 427 2256 M
443 2223 517 2257 AV
532 2224 561 2257 L
575 2224 626 2257 P:
657 2224 686 2256 B
700 2222 845 2268 (desunt
859 2229 1083 2267 957—1215›·
1076 2250 1082 2257 .
1111 2222 1491 2267 Ambr.(VV.1—120):

170 2269 431 2314 palimpsestus
461 2271 496 2304 H
531 2269 603 2314 (vv.
636 2271 785 2314 81—169,
816 2271 988 2314 793—849‚
1017 2270 1214 2313 906-1006,
1245 2270 1490 2314 1071-1118):

167 2331 222 2353 vv.
246 2319 334 2362 5-48
355 2322 400 2360 Π,
421 2318 629 2362 fragmenta
647 2319 755 2352 valde
775 2318 924 2352 mutila:
963 2325 1045 2351 sunt
1071 2318 1183 2351 etiam
1210 2329 1266 2352 vv.
1289 2317 1494 2359 1284—1288

168 2367 201 2399 in
238 2366 326 2409 Pap.
362 2365 501 2400 Hibeh.
535 2374 600 2410 25:
646 2377 727 2399 raro
757 2372 1005 2399 memorantur
1038 2366 1069 2397 O
1085 2366 1118 2398 D
1155 2365 1277 2398 Haun.
1340 2364 1494 2408 Saepius

167 2412 345 2446 dissident
377 2413 403 2445 L
431 2418 466 2445 et
497 2413 533 2445 P.
587 2413 774 2446 Accedunt
804 2412 962 2445 Scholia.
