1683 2732
634 86 1022 124 ΗΡΑΚΛΕΙΔΑΙ

265 189 305 229 ἐς
330 192 445 242 χεῖρα
469 194 520 245 γῇ
545 191 744 240 συνῆψαν,
775 188 858 229 εἶτα
883 190 1078 242 χερσόθεν

266 259 467 295 πνοιαῖσιν
489 254 698 305 ἠλάθησαν
725 257 764 297 ἐς
788 256 934 295 πόντον
958 255 1091 296 πάλιν.
1424 271 1489 301 430

267 322 364 361 οὕτω
390 324 432 362 δὲ
456 321 595 375 χήμεῖς
619 321 730 372 τῆσδ’
757 322 1048 372 ἀπωθούμεσθα
1074 324 1146 373 γῆς

266 388 338 439 ἤδη
365 388 460 440 πρὸς
485 389 618 430 ἀκταῖς
643 390 753 430 ὄντες
779 388 829 430 ὡς
855 387 1121 443 σεσῳσμένοι.

268 456 384 505 οἴμοι·
421 456 461 495 τί
483 454 564 505 δῆτ’
589 454 760 507 ἔτερψας
786 453 815 495 ὦ
840 454 1008 496 τάλαινά
1032 472 1081 506 με

268 522 382 563 ἐλπὶς
406 521 498 567 τότ’,
526 521 570 562 οὐ
593 521 803 572 μέλλουσα
829 525 1025 562 διατελεῖν
1051 520 1187 574 χάριν;

269 590 510 639 συγγνωστὰ
533 588 608 640 γάρ
634 605 695 628 τοι
721 588 782 628 καὶ
807 589 855 627 τὰ
879 587 995 633 τοῦδ’,
1023 589 1056 628 εἰ
1080 587 1132 638 μὴ
1160 587 1268 628 θέλει
1427 601 1490 632 435

270 655 433 695 κτείνειν
458 659 632 694 πολιτῶν
657 657 811 697 παῖδας·
839 654 995 695 αἰνέσαι
1021 653 1052 693 δ’
1079 654 1158 708 ἔχω

271 720 333 760 καὶ
357 720 528 761 τάνθάδ’·
567 722 599 761 εἰ
628 723 755 761 θεοῖσι
781 721 826 770 δὴ
853 724 960 761 δοκεῖ
982 720 1073 761 τάδε

270 786 467 839 πράσσειν
492 786 563 837 ἔμ’,
592 787 699 827 οὗτοι
726 786 777 836 σή
803 787 838 839 γ’
865 788 1085 827 ἀπόλλυται
1110 786 1236 840 χάρις.

336 851 365 893 ὦ
391 855 538 899 παῖδες,
565 854 655 904 ὑμῖν
680 853 712 893 δ’
739 853 806 893 οὐκ
831 853 911 907 ἔχω
936 855 977 893 τί
997 852 1209 906 χρήσομαι.

271 923 341 960 ποῖ
363 920 638 972 τρεψόμεσθα;
678 920 736 961 τίς
760 921 835 972 γὰρ
859 919 1054 962 ἄστεπτος
1080 922 1198 966 θεῶνς
1426 934 1493 964 440

272 989 384 1026 ποῖον
409 988 451 1026 δὲ
477 987 590 1037 γαίας
616 986 728 1037 ἕρκος
754 986 822 1025 οὐκ
847 987 1067 1037 ἀφίγμεθα;

270 1051 466 1102 ὀλούμεθ’,
493 1050 522 1092 ὦ
548 1051 664 1092 τέκν’·
704 1053 1028 1102 ἐκδοθησόμεσθα
1052 1050 1112 1101 δή.

274 1119 395 1169 κάμοῦ
419 1119 491 1169 μὲν
515 1118 627 1158 οὐδὲν
654 1119 690 1158 εἴ
710 1136 758 1169 με
784 1118 858 1172 χρὴ
886 1120 1019 1158 θανεῖν
1043 1117 1167 1169 μέλει,

273 1183 378 1233 πλὴν
405 1186 441 1225 εἴ
462 1201 499 1224 τι
524 1184 658 1236 τέρψω
684 1185 773 1226 τοὺς
799 1184 914 1235 ἐμοὺς
939 1184 1104 1237 ἐχθροὺς
1131 1184 1271 1224 θανών·

271 1251 369 1301 ὑμᾶς
395 1252 435 1291 δὲ
462 1252 582 1291 κλαίω
610 1251 670 1291 καὶ
698 1252 937 1302 κατοικτίρω,
965 1250 1092 1296 τέκνα,
1433 1263 1495 1294 445

275 1318 336 1358 καὶ
362 1317 433 1367 τὴν
459 1319 619 1370 γεραιὰν
644 1317 776 1369 μητέρ’
790 1315 1028 1368 ··Ἀλκμήνην
1054 1317 1212 1369 πατρός.

272 1380 302 1423 ὦ
327 1383 570 1424 δυστάλαινα
595 1387 663 1424 τοῦ
687 1387 835 1435 μακροῦ
859 1385 951 1434 βίου
976 1382 1107 1429 σέθεν,

273 1449 433 1502 τλήμων
458 1452 498 1491 δὲ
524 1451 631 1503 κάγὼ
656 1452 789 1491 πολλὰ
812 1448 1020 1504 μοχθήσας
1045 1449 1184 1501 μάτην.

274 1519 374 1571 χρῆν
398 1519 498 1571 χρῆν
523 1517 582 1569 ἄρ’
607 1517 707 1568 ἡμᾶς
733 1516 872 1569 ἀνδρὸς
899 1518 953 1558 εἷς
980 1518 1124 1570 ἐχθροῦ
1149 1515 1267 1570 χέρας

274 1585 470 1626 πεσόντας
496 1585 672 1638 αἰσχρῶς
701 1584 762 1624 καὶ
788 1587 911 1625 κακῶς
936 1587 1069 1624 λιπεῖν
1094 1584 1199 1634 βίον.
1433 1594 1497 1625 450

341 1650 431 1691 ἀλλ’
457 1650 559 1691 οἶσθ’
585 1652 607 1690 ὅ
631 1667 697 1701 μοι
723 1649 971 1702 σύμπραξον;
1011 1649 1084 1703 οὐχ
1109 1649 1245 1690 ἅπασα
1269 1647 1343 1700 γὰρ

276 1716 474 1770 πέφευγεν
500 1719 612 1759 ἐλπὶς
637 1716 759 1757 τῶνδέ
783 1733 849 1768 μοι
874 1717 1082 1768 σωτηρίας·

277 1783 335 1834 ἔμ’
360 1782 471 1826 ἔκδος
497 1783 738 1836 Ἀργείοισιν
765 1784 850 1824 ἀντὶ
876 1783 1002 1830 τῶνδ’,
1032 1782 1140 1833 ἄναξ,

279 1850 340 1890 καὶ
365 1848 463 1900 μήτε
489 1850 697 1897 κινδύνευε,
727 1848 891 1900 σωθήτω
916 1849 959 1890 τέ
984 1866 1050 1900 μοι

277 1915 392 1956 τέκν’·
410 1965 412 1967 ¹
430 1916 474 1956 οὐ
499 1920 635 1969 φιλεῖν
661 1919 720 1957 δεῖ
742 1916 814 1967 τὴν
841 1916 938 1967 ἐμὴν
963 1915 1111 1969 ψυχήν·
1150 1916 1231 1954 ἴτω.
1434 1925 1498 1956 455

277 1981 453 2032 μάλιστα
478 1982 509 2023 δ’
536 1983 760 2035 Εὐρυσθεύς
784 2000 832 2033 με
858 1982 1035 2034 βούλοιτ’
1062 1981 1110 2022 ἆν
1134 1980 1274 2031 λαβὼν

279 2048 346 2089 τὸν
370 2047 610 2100 Ἡράκλειον
637 2049 848 2102 σύμμαχον
875 2049 1125 2100 καθυβρίσαι·

223 2150 288 2180 429
311 2142 350 2173 ὣς
368 2144 460 2182 χεῖρα
476 2140 690 2172 Valckenaer
823 2150 885 2179 433
912 2141 1044 2181 ἔτρεψας
1063 2139 1088 2169 Ρ
1222 2146 1283 2176 435
1308 2136 1394 2169 θέλοι
1414 2135 1499 2166 LP:

179 2193 266 2214 corr.
290 2183 439 2223 Elmsley
564 2185 628 2223 436
653 2184 774 2217 αἰνέσαι
792 2183 1025 2214 Valckenaer:
1051 2181 1178 2214 αἰνέσας
1198 2181 1262 2211 LP
1387 2190 1448 2218 437
1474 2180 1501 2210 εἷ

179 2226 215 2258 δὲ
233 2229 331 2259 θεοῖσι
350 2226 527 2257 Hermann
676 2227 740 2266 438
765 2227 806 2265 σή
825 2226 976 2265 Elmsley
993 2237 999 2255 ι
1024 2226 1076 2257 σοί
1094 2225 1120 2255 L
1134 2225 1160 2255 P
1308 2233 1365 2262 451
1394 2223 1502 2254 ἅπασα

182 2270 396 2344 ΞΒῒείὴειῃυε;
420 2270 517 2302 ἅπασι
536 2270 561 2300 L
574 2270 600 2300 P
742 2271 807 2310 456
829 2269 974 2309 μάλιστα
991 2268 1017 2300 δ’
1037 2267 1093 2308 ἐμὲ
1110 2267 1255 2305 βούλοιτ’
1274 2268 1312 2299 ἂν
1329 2266 1499 2307 Εὐρυσθεὺς

212 2319 245 2344 ot
273 2323 291 2344 e
