1683 2732
629 103 1024 141 ANAPOMAXH

269 206 410 258 φίλημ’
437 205 569 256 ἐδέξω,
597 206 780 258 προδότιν
807 204 1008 245 αἰκάλλων
1035 205 1140 250 κύνα,
1428 209 1493 250 630

268 273 407 323 ἥσσων
433 272 617 325 πεφυκὼς
643 272 850 323 Κύπριδος,
878 269 907 311 ὦ
934 270 1094 311 κάκιστε
1119 272 1180 311 σύ.

270 338 416 380 κᾶπειτ’
443 341 483 381 ἐς
508 340 635 379 οἴκους
660 341 736 378 τῶν
762 339 862 388 ἐμῶν
891 337 1017 377 ἐλθὼν
1041 336 1186 377 τέκνων

268 408 425 457 πορθεῖς
449 405 641 449 ἀπόντων,
671 404 731 444 καὶ
758 407 922 455 γυναῖκα
947 406 1119 456 δυστυχῆ

269 473 430 512 κτείνεις
454 471 600 522 ἀτίμως
625 469 745 510 παῖδά
770 469 816 516 θ’,
844 468 886 510 ὃς
912 469 1098 509 κλαίοντά
1123 486 1171 509 σε

268 538 329 577 καὶ
353 537 423 587 τὴν
450 539 491 577 ἐν
515 538 636 578 οἴκοις
661 536 738 586 σὴν
764 535 1007 586 καταστήσει
1032 536 1161 588 κόρην,
1429 541 1492 581 635

268 604 326 644 κεί
349 603 432 656 τρὶς
455 604 569 645 νόθος
593 602 758 656 πέφυκε.
829 602 1022 644 πολλάκις
1047 602 1088 642 δέ
1111 619 1171 642 τοι

266 670 364 722 ξηρὰ
388 673 557 721 βαθεῖαν
581 671 655 722 γῆν
681 671 840 720 ἐνίκησε
865 674 1007 724 σπορᾷ,

266 737 374 777 νόθοι
399 753 440 777 τε
465 737 610 777 πολλοὶ
634 736 811 788 γνησίων
837 736 1052 786 ἀμείνονες.

266 802 357 842 ἀλλ’
384 803 584 854 ἐκκομίζου
609 805 742 843 παῖδα.
815 802 945 843 κύδιον
969 806 1131 854 βροτοῖς

265 869 413 920 πένητα
436 869 614 922 χρηστὸν
638 865 662 918 ἢ
689 868 806 909 κακὸν
832 869 894 908 καὶ
919 869 1113 909 πλούσιον
1427 874 1492 914 640

264 935 448 988 γαμβρὸν
473 938 676 976 πεπᾶσθαι
702 935 764 975 καὶ
789 936 923 987 φίλον·
962 935 1012 975 σὺ
1041 934 1073 975 δ’
1098 936 1212 976 οὐδὲν
1238 935 1282 975 εἶ.

164 1004 236 1041 Χο.
266 1005 432 1054 σμικρᾶς
457 1001 523 1042 ἀπ’
549 1003 674 1055 ἀρχῆς
698 1006 826 1044 νεῖκος
852 1002 1071 1055 ἀνθρώποις
1095 1001 1196 1054 μέγα

264 1068 420 1121 γλῶσσ’
447 1069 652 1121 ἐκπορίζει·
689 1071 804 1109 τοῦτο
827 1067 861 1107 δ’
887 1069 923 1108 οἱ
948 1068 1071 1120 σοφοὶ
1095 1072 1252 1121 βροτῶν

265 1132 585 1186 ἐξευλαβοῦνται,
611 1134 665 1186 μὴ
689 1136 826 1187 φίλοις
849 1134 1005 1188 τεύχειν
1029 1135 1120 1186 ἔριν.

165 1203 241 1241 Με.
262 1202 302 1242 τί
324 1201 405 1252 δῆτ’
431 1201 479 1242 ἂν
505 1202 628 1243 εἴποις
647 1200 736 1243 τοὺς
759 1200 958 1253 γέροντας,
988 1201 1038 1242 ὡς
1064 1201 1198 1252 σοφοί,
1426 1205 1488 1246 645

264 1268 325 1309 καὶ
350 1267 439 1310 τοὺς
465 1271 625 1321 φρονεῖν
650 1271 860 1309 δοκοῦντας
877 1266 1081 1318 “Ἐλλησίν
1104 1284 1220 1314 ποτε,·

263 1334 320 1374 ὅτ’
345 1333 398 1375 ὢν
424 1335 473 1374 σὺ
500 1333 659 1385 Πηλεὺς
685 1334 748 1374 καὶ
771 1334 919 1386 πατρὸς
944 1338 1099 1375 κλεινοῦ
1122 1334 1262 1386 γεγώς,

264 1403 378 1451 κῆδος
404 1400 601 1453 συνάψας,
629 1402 777 1454 αἰσχρὰ
801 1402 875 1451 μὲν
901 1405 1031 1455 σαυτῷ
1056 1400 1188 1453 λέγεις

261 1468 353 1518 ἡμῖν
378 1466 410 1507 δ’
435 1468 564 1517 ὀνείδη
591 1468 654 1507 διὰ
680 1471 844 1518 γυναῖκα
868 1466 1090 1519 βάρβαρον,

260 1532 309 1583 ἣν
333 1536 433 1587 χρῆν
460 1533 498 1573 σ’
525 1533 704 1574 ἐλαύνειν
728 1532 833 1584 τήνδ’
858 1534 956 1585 ὑπὲρ
981 1535 1131 1574 Νείλου
1154 1535 1248 1586 ῥοὰς
1423 1539 1487 1577 650

259 1599 355 1652 ὑπέρ
380 1617 421 1640 τε
448 1603 593 1646 Φᾶσιν,
623 1600 718 1651 κάμὲ
743 1603 986 1651 παρακαλεῖν
1012 1600 1084 1645 ἀεί,

262 1666 386 1706 οὖσαν
410 1668 482 1717 μὲν
507 1666 730 1718 ἠπειρῶτιν,
758 1665 802 1706 οὗ
826 1665 1037 1718 πεσήματα

259 1732 418 1773 πλεῖσθ’
443 1731 642 1774 Ἑλλάδος
666 1732 847 1774 πέπτωκε
872 1735 1053 1784 δοριπετῆ
1079 1737 1237 1785 νεκρῶν,

259 1802 326 1838 τοῦ
352 1802 424 1839 σοῦ
448 1801 488 1839 δὲ
514 1799 650 1841 παιδὸς
675 1800 836 1849 αἵματος
862 1799 1126 1851 κοινουμένην.

258 1864 385 1917 Πάρις
410 1865 497 1917 γάρ,
525 1865 567 1907 ὃς
592 1865 665 1906 σὸν
690 1865 794 1906 παῖδ’
820 1865 959 1918 ἔπεφν’
984 1865 1192 1919 Ἀχιλλέα,
1421 1870 1482 1910 655

250 1929 443 1984 ‘'Em-opos
466 1932 641 1983 ἀδελφὸς
665 1931 724 1981 ἦν,
752 1931 878 1984 δάμαρ
903 1931 935 1972 δ’
960 1932 1019 1983 ἥδ’
1037 1931 1242 1983 ’Έκτορος

257 1998 317 2037 καὶ
342 1997 434 2054 τῇδέ
457 1999 494 2050 γ’
520 1998 683 2055 εἶσέρχῃ
709 1998 758 2039 σὺ
783 1998 924 2039 ταύτὸν
949 2000 1005 2040 εἰς
1030 1998 1173 2051 στέγος

256 2064 317 2104 καὶ
340 2063 602 2116 ξυντράπεζον
626 2064 751 2115 ἀξιοῖς
777 2065 883 2118 ἔχειν
906 2066 1012 2116 βίον,

196 2156 262 2193 636
284 2157 351 2196 τρὶς
369 2155 401 2186 Μ
416 2156 442 2186 Β
456 2167 476 2186 ν
491 2170 540 2197 γρ,
559 2156 590 2186 Α
609 2169 615 2187 z
639 2171 688 2190 τις
706 2157 776 2188 rell.
920 2158 983 2196 637
1009 2158 1112 2198 σπορὰ
1130 2167 1150 2187 v
1286 2158 1350 2196 639
1374 2156 1481 2189 κύδιον

155 2197 219 2227 LP
242 2203 275 2228 et
300 2199 394 2230 Stob.
420 2209 468 2238 72.
500 2209 560 2238 14:
592 2200 744 2232 κύδιστον
769 2200 838 2231 rell.
979 2202 1044 2239 645
1077 2201 1126 2233 τίς
1151 2225 1157 2231 .
1178 2224 1184 2231 .
1207 2224 1213 2231 .
1243 2202 1325 2232 εἴποι
1351 2201 1479 2231 Porson

152 2242 215 2280 647
242 2241 322 2273 Post
340 2243 371 2273 h.
384 2253 415 2273 v.
433 2243 583 2274 lacunam
600 2244 724 2281 Jacobs
740 2255 746 2275 :
772 2254 841 2274 non
859 2248 882 2277 Σ
1004 2246 1068 2283 650
1092 2244 1181 2282 τήνδ’
1200 2243 1292 2285 ὑπὲρῙ
1311 2244 1385 2281 τῆλ’
1404 2243 1480 2285 ὑπὲρ

155 2284 301 2316 Reiske:
326 2287 390 2326 γῆν
405 2287 464 2327 πρὸ
479 2289 540 2327 ’γῆς
557 2286 749 2318 Wecklein.
802 2287 870 2317 Sed
889 2287 928 2317 cs.
951 2297 1013 2326 710
1175 2288 1236 2325 651
1264 2287 1314 2318 ἀεί
1332 2287 1428 2319 codd.
1446 2292 1479 2316 et

153 2327 273 2358 lemma
290 2333 333 2362 Σ;
359 2329 422 2360 ἔδει
440 2328 526 2359 Geel
659 2332 722 2369 654
749 2330 783 2362 δὲ
802 2330 941 2361 Brunck
960 2343 966 2361 ε
990 2344 1027 2362 τε
1045 2330 1139 2360 codd.
1161 2338 1240 2370 (om.
1261 2330 1308 2370 A)
