1683 2732
686 126 942 163 ΚΎΚΛΩΨ

245 229 438 281 ἇπώμοσ’,
465 228 495 270 ὦ
521 229 737 270 κάλλιστον
762 227 791 268 ὦ
818 230 1063 275 Κυκλώπιον,

246 296 275 337 ὦ
301 298 551 342 δεσποτίσκε,
578 296 630 347 μὴ
656 297 703 335 τὰ
730 295 768 334 σ’
795 293 934 345 ἐξοδᾶι·
962 297 1038 348 ἐγὼ

243 363 394 415 ξένοισι
418 362 597 416 χρήματ’.
667 359 690 412 ἢ
717 366 841 404 κακῶς
866 362 972 403 οὗτοι
997 364 1106 404 κακοὶ

243 432 279 471 οἱ
304 433 438 472 παῖδες
463 429 679 475 ἁπόλοινθ’,
708 429 774 471 οὓς
798 428 960 480 μάλιστ’
985 430 1062 482 ἐγὼ
1088 435 1208 483 φιλῶ.

144 500 217 537 Xo.
245 496 360 538 αὐτὸς
385 496 457 549 ἔχ’.
529 497 657 549 ἔγωγε
682 499 763 538 τοῖς
789 495 916 546 ξένοις
944 498 992 537 τὰ
1016 495 1199 549 χρήματα
1409 508 1472 542 270

242 562 439 616 περνάντα
466 563 504 602 σ’
530 562 646 604 εἶδον·
685 564 718 603 εἰ
744 562 776 603 δ’
801 563 879 615 ἐγὼ
903 565 1030 615 ψευδῆ
1055 562 1175 615 λέγω,

243 629 423 671 ἀπόλοιθ’
451 631 470 669 ὁ
495 629 621 682 πατήρ
646 646 732 681 μου·
769 629 859 671 τοὺς
884 628 1020 680 ξένους
1045 631 1087 670 δὲ
1110 630 1161 681 μὴ
1188 631 1322 671 ἀδίκει,

145 701 215 737 Κυ.
241 696 444 750 ψεύδεσθ’“
483 697 608 749 ἔγωγε
632 699 731 751 τῷδε
755 699 824 736 τοῦ
848 695 1138 747 Ῥαδαμάνθυος

242 766 397 814 μᾶλλον
422 762 592 804 πέποιθα
617 764 680 803 καὶ
706 764 948 815 δικαιότερον
971 762 1090 815 λέγω.

243 829 346 870 θέλω
372 829 403 869 δ’
430 828 603 882 ἐρέσθαι·
641 830 764 870 πόθεν
790 828 1015 875 ἐπλεύσατ’,
1044 827 1072 869 ῶ
1099 827 1223 879 ξέι·οι;
1408 841 1468 877 275

242 898 432 943 ποδαποί;
469 897 526 938 τίς
549 897 647 947 ὑμᾶς
675 895 951 947 ἐξεπαίδευσεν
976 897 1111 943 πόλις;

143 966 215 1004 Οδ.
241 962 457 1013 Ἰθακήσιοι
481 965 552 1014 μὲν
577 963 621 1003 τὸ
648 962 774 1016 γένος,
802 963 923 1004 Ἰλίου
950 963 982 1004 δ’
1007 962 1095 1009 ἄπο,

242 1029 459 1083 πέρσαντες
484 1029 596 1077 ἄστυ,
624 1031 846 1081 πνεύμασιν
872 1031 1108 1071 θαλασσίοις

242 1097 318 1147 σὴν
343 1101 460 1149 γαῖαν
484 1096 727 1147 ἐξωσθέντες
753 1097 910 1148 ἥκομεν,
941 1097 1131 1149 Κύκλωψ.

144 1167 212 1204 Κυ.
240 1163 263 1214 ἦ
287 1166 355 1214 τῆς
381 1165 566 1214 κακίστης
592 1164 628 1204 οἳ
653 1162 861 1214 μετήλθεθ’
886 1164 1065 1216 ἁρπαγὰς
1406 1169 1468 1200 280

240 1229 406 1280 Ἑλένης
433 1229 686 1282 Σκαμάνδρου
712 1230 856 1282 γείτον’
882 1229 1002 1270 Ἰλίου
1027 1231 1165 1276 πόλιν,·

142 1299 214 1337 Οδ.
241 1297 359 1342 οὗτοι,
387 1297 508 1337 πόνον
533 1296 601 1336 τὸν
628 1297 758 1337 δεινὸν
783 1295 1076 1347 ἐξηντληκότες.

144 1366 212 1404 Κυ.
240 1363 411 1417 αἰσχρὸν
436 1362 658 1415 στράτευμά
685 1363 733 1415 γ’,
761 1364 901 1405 οἵτινες
924 1365 1014 1414 μιᾶς
1039 1362 1156 1417 χάριν

241 1430 423 1483 γυναικὸς
447 1428 704 1481 ἐξεπλεύσατ’
731 1431 770 1473 ἐς
794 1433 911 1483 γαῖαν
936 1433 1114 1482 Φρυγῶν.

142 1500 213 1538 Οδ.
241 1499 331 1538 θεοῦ
355 1497 398 1537 τὸ
424 1500 596 1550 πρᾶγμα·
634 1496 768 1547 μηδέν’
794 1498 904 1537 αἰτιῶ
928 1500 1098 1548 βροτῶν.
1405 1503 1465 1540 285

238 1564 350 1615 ἡμεῖς
375 1564 416 1605 δέ
441 1563 492 1610 σ’,
520 1562 549 1604 ὦ
575 1566 666 1605 θεοῦ
692 1564 850 1604 ποντίου
875 1567 1031 1616 γενναῖε
1057 1566 1138 1609 παῖ,

242 1630 463 1682 ἱκετεύομέν
488 1648 529 1671 τε
556 1630 619 1671 καὶ
644 1630 816 1682 λέγομεν
843 1629 1069 1683 ἐλευθέρως·

240 1696 291 1748 μὴ
317 1703 412 1754 τλῇς
438 1697 534 1749 πρὸς
560 1697 682 1749 ἄντρα
708 1714 774 1737 σοι
799 1696 1093 1749 ἐσαφιγμένους
1118 1697 1261 1749 φίλους

241 1767 393 1804 κτανεῖν
418 1764 545 1817 βοράν
570 1781 612 1805 τε
638 1766 820 1815 δυσσεβῆ
847 1762 986 1804 θέσθαι
1012 1763 1184 1816 γνάθοις·

240 1831 275 1871 οἲ
301 1830 367 1871 τὸν
394 1831 481 1877 σόν,
510 1829 627 1881 ὦναξ,
656 1830 790 1883 πατέρ’
817 1831 925 1884 ἔχειν
950 1833 1047 1871 νεῶν
1074 1830 1186 1881 ἕδρας
1401 1843 1464 1873 290

240 1897 517 1949 ἐρρυσάμεσθα
541 1900 613 1950 γῆς
640 1898 682 1937 ἐν
706 1897 904 1940 Ἑλλάδος
927 1900 1078 1950 μυχοῖς.

240 1965 362 2016 ἱερεύς
387 1964 419 2004 τ’
445 1964 665 2016 ἄθραυστος
689 1963 887 2016 Ταινάρου
911 1963 1018 2015 μένει
1042 1962 1163 2014 λιμὴν

240 2030 406 2073 Μαλέας
431 2030 463 2070 τ’
488 2030 598 2083 ἄκροι
626 2033 843 2082 κευθμῶνες
869 2031 894 2081 ἥ
918 2048 959 2071 τε
986 2031 1148 2070 Σουνίου

238 2098 322 2138 δίας
348 2097 517 2138 Ἀθάνας
542 2101 621 2139 σῶς
645 2096 867 2150 ὑπάργυρος
892 2097 1015 2148 πέτρα

181 2199 245 2229 273
268 2192 349 2230 τῷδε
367 2189 514 2221 Canter:
539 2191 633 2221 τοῦδε
652 2189 678 2219 L
827 2199 889 2228 274
914 2192 1042 2228 μᾶλλον
1062 2187 1261 2218 Kirchhoff:
1288 2187 1396 2219 πολλὰ
1414 2186 1438 2216 L
1456 2197 1462 2216 :

139 2233 241 2265 πλείω
267 2232 445 2271 Musgrave
615 2233 679 2271 276
711 2232 934 2273 ἐξεπαίδευσεν
958 2236 1165 2270 suspectum,
1192 2231 1252 2261 sed
1279 2230 1317 2260 cs.
1345 2240 1374 2260 v.
1399 2231 1457 2259 601

139 2275 202 2305 288
226 2288 276 2307 σοι
295 2275 527 2316 ἐσαφιγμένους
546 2275 802 2306 Radermacher
821 2276 866 2313 (id
890 2279 941 2305 est
962 2274 1275 2315 σούσαφιγμένους>ῖ
1301 2274 1375 2305 σοὺς
1393 2273 1461 2312 ἀφι-

139 2318 271 2359 γμένους
289 2319 331 2349 L:
356 2319 395 2351 cf.
410 2331 439 2352 v.
455 2329 528 2359 252,
544 2319 594 2350 El.
610 2329 673 2358 413
764 2328 828 2357 290
850 2321 931 2350 ναῶν
950 2318 1077 2349 Canter
1166 2329 1226 2358 291
1246 2316 1461 2358 ἐρρυσάμεσθα

140 2361 324 2392 Matthiae:
350 2361 563 2403 εἶρυσοίμεσθα
581 2361 606 2390 L
712 2371 773 2400 292
799 2361 912 2402 ἱερεύς]
932 2361 1013 2402 ἱερός
1029 2370 1146 2400 apogr.
1167 2360 1272 2390 Paris.
1353 2359 1459 2399 ἄθραυ-

139 2417 216 2437 στος
232 2405 264 2435 l:
289 2406 444 2437 ἄθαυστος
463 2405 488 2434 L
622 2413 685 2444 293
709 2404 728 2442 ἡ
746 2404 777 2433 l:
803 2406 831 2435 οἵ
850 2404 873 2432 L
964 2404 1081 2443 Σουνίῳ
1102 2403 1278 2441 Musgrave
