1651 2780
606 121 955 161 ΕΥΡΙΠΙΔΟΥ

212 224 280 264 οὐκ
305 223 353 264 ἂν
380 223 534 276 θέλοιμι
561 227 792 276 πολεμίοισι
819 230 1058 277 συμβαλεῖν.

114 294 166 330 Ιο.
217 290 371 343 κᾶγωγε
399 292 474 332 σὺν
501 293 579 332 σοί·
618 291 738 332 ταύτὰ
766 294 839 345 γὰρ
867 294 1140 346 φροντίζομεν,
1380 298 1445 331 680

212 359 347 410 φίλοις
372 359 576 411 παρόντες,
606 359 657 401 ὡς
683 358 855 412 ἔοιγμεν,
884 360 1070 413 ὠφελεῖν.

113 427 185 465 Θε.
212 424 356 475 ἥκιστα
381 424 477 478 πρὸς
504 429 577 466 σοῦ
600 430 731 478 μῶρον
758 425 806 477 ἦν
832 428 956 468 εἰπεῖν
983 428 1087 470 ἔπος.

114 495 167 531 Io.
218 492 281 532 καὶ
304 491 356 543 μὴ
382 497 599 547 μετασχεῖν
626 493 663 546 γ’
690 494 860 545 ἀλκίμου
887 493 1018 548 μάχης
1045 496 1193 547 φίλοις.

114 561 186 599 Θε.
214 558 283 599 οὐκ
307 559 390 600 ἔστ’
415 561 457 600 ἐν
482 561 578 613 ὄψει
602 564 753 613 τραῦμα
777 560 830 612 μὴ
858 561 1014 613 δρώσης
1038 562 1166 614 χερός.

115 630 168 666 Io.
216 627 256 666 τί
277 626 329 673 δ’;
369 626 413 666 οὐ
438 627 618 678 σθένοιμι
645 628 716 668 κᾶν
742 628 821 681 ἐγὼ
847 627 895 668 δι’
924 629 1110 676 ἀσπίδος;
1381 631 1445 672 685

116 695 188 734 Θε.
217 692 374 735 σθένοις
399 693 459 741 ἄν,
486 695 593 735 ἀλλὰ
619 696 795 747 πρόσθεν
822 694 938 737 αὐτὸς
964 695 1012 736 ἂν
1036 695 1189 738 πέσοις.

116 764 169 800 Io.
218 760 343 802 οὐδεὶς
368 761 427 811 ἔμ’
455 763 606 814 ἐχθρῶν
632 762 907 814 προσβλέπων
936 761 1127 813 ἀνέξεται.

116 830 188 868 Θε.
217 828 284 867 οὐκ
310 827 433 874 ἔστιν,
460 827 489 868 ὦ
515 831 599 875 τᾶν,
627 829 652 879 ἥ
675 828 762 870 ποτ’
788 829 835 880 ἦν
861 830 969 882 ῥώμη
997 829 1127 870 σέθεν.

116 898 171 934 Io.
220 894 311 935 ἀλλ’
338 895 407 935 οὖν
430 899 648 949 μαχοῦνται
673 896 711 948 γ’
739 895 902 948 ἀριθμὸν
931 896 998 937 οὐκ
1024 896 1237 939 ἐλάσσοσι.

115 964 188 1002 Θε.
217 962 382 1014 σμικρὸν
406 962 451 1002 τὸ
477 962 549 1003 σὸν
576 962 741 1014 σήκωμα
766 965 983 1016 προστίθης
1009 966 1158 1017 φίλοις.
1385 969 1449 1008 690

116 1032 169 1069 Io.
218 1027 271 1080 μή
296 1029 360 1069 τοί
380 1028 419 1080 μ’
446 1030 557 1082 ἔρυκε
582 1032 677 1082 δρᾶν
703 1030 1094 1083 παρεσκευασμένον.

117 1098 189 1136 Θε.
217 1098 314 1148 δρᾶν
338 1098 411 1147 μὲν
437 1096 488 1136 σύ
512 1096 549 1149 γ’
575 1097 649 1152 οὐχ
674 1098 756 1140 οἶός
781 1115 836 1144 τε,
865 1098 1089 1149 βούλεσθαι
1114 1098 1147 1139 δ’
1172 1100 1283 1142 ἴσως.

117 1167 169 1203 Io.
219 1163 270 1205 ὡς
294 1163 346 1214 μὴ
371 1167 565 1215 μενοῦντα
589 1164 720 1205 τᾶλλα
745 1182 812 1205 σοι
837 1163 974 1218 λέγειν
998 1165 1116 1219 πάρα.

116 1233 190 1271 Θε.
217 1234 299 1273 πῶς
323 1230 392 1271 οὖν
417 1231 598 1273 ὁπλίταις
622 1231 797 1285 τευχέων
823 1231 916 1285 ἄτερ
942 1238 1068 1290 φανῇ;

118 1301 171 1337 Io.
221 1297 305 1337 ἔστ’
331 1299 373 1338 ἐν
399 1298 582 1349 δόμοισιν
608 1299 722 1340 ἔνδον
748 1298 971 1353 αἰχμάλωθ’
997 1301 1115 1346 ὅπλα,
1386 1302 1448 1343 695

218 1368 300 1407 τοῖς
325 1364 357 1404 δ’
383 1365 473 1406 οῧσι
498 1366 775 1419 χρησόμεσθα·
816 1367 1099 1418 κάποδώσομεν

219 1432 370 1481 ζῶντες,
398 1433 588 1475 θανόντας
613 1433 646 1473 δ’
672 1433 740 1473 οὐκ
766 1432 977 1484 ἀπαιτήσει
1002 1435 1101 1475 θεός.

218 1498 309 1538 ἀλλ’
336 1498 452 1540 εἴσιθ’
478 1501 573 1540 εἵσω
601 1499 700 1541 κάπὸ
726 1500 953 1541 πασσάλων
979 1501 1083 1541 ἑλὼν

219 1564 353 1619 ἔνεγχ’
379 1567 546 1617 ὁπλίτην
572 1567 723 1618 κόσμον
750 1567 802 1609 ὣς
825 1567 997 1621 τάχιστά
1020 1584 1098 1619 μοι.

219 1631 390 1686 αἰσχρὸν
414 1634 489 1686 γὰρ
515 1634 729 1685 οἶκούρημα
755 1635 933 1686 γίγνεται
957 1635 1057 1681 τόδε,
1388 1642 1451 1679 700

220 1699 311 1742 τοὺς
333 1701 407 1752 μὲν
431 1699 646 1754 μάχεσθαι,
673 1701 764 1743 τοὺς
790 1703 832 1741 δὲ
857 1702 984 1755 δειλίᾳ
1008 1699 1154 1752 μένειν.

120 1799 191 1835 Χο.
284 1796 393 1847 λῆμα
417 1798 490 1847 μὲν
516 1796 622 1837 οὔπω
649 1796 840 1849 στόρνυσι
865 1797 1008 1849 χρόνος

287 1862 332 1903 τὸ
358 1863 444 1910 σόν,
472 1862 563 1903 ἀλλ’
587 1863 683 1919 ἡβᾷ,
713 1867 828 1914 σῶμα
852 1865 894 1904 δὲ
919 1866 1102 1916 φροῦδον.

288 1930 329 1970 τί
350 1933 482 1972 πονεῖς
506 1929 641 1972 ἄλλως
666 1931 690 1971 δι
717 1933 765 1971 σὲ
788 1932 861 1982 μὲν
886 1930 1056 1983 βλάψει,

288 1999 436 2050 σμικρὰ
461 1996 493 2037 δ’
519 1997 657 2048 ὀνήσει
683 1998 801 2038 πόλιν
825 1997 1036 2050 ἡμετέραν;
1389 2006 1454 2042 705

164 2090 229 2120 680
253 2092 355 2122 ταῦτα
373 2090 399 2120 L
411 2090 437 2120 P
452 2102 459 2121 z
483 2101 569 2122 corr.
590 2091 712 2122 Portus
834 2092 898 2130 683
925 2091 1080 2121 Fortasse
1098 2091 1149 2122 καὶ
1165 2090 1209 2131 μὴ
1225 2088 1384 2131 μετάσχω
1398 2112 1406 2120 .
1421 2114 1428 2121 .
1444 2114 1452 2121 .

121 2134 248 2173 φίλοις;
381 2134 445 2173 684
471 2134 558 2165 inter
581 2135 646 2174 687
673 2139 706 2166 et
731 2135 791 2174 691
819 2145 915 2165 suum
942 2134 1051 2164 locum
1075 2134 1203 2164 habere
1227 2138 1324 2173 putat
1347 2132 1455 2164 Wila-

122 2177 276 2207 mowitz:
321 2177 543 2217 ordinemque
584 2179 673 2209 hunc
715 2179 837 2209 efficit:
876 2179 948 2218 683,
981 2179 1147 2217 688-690‚
1178 2178 1339 2216 685—687‚
1377 2177 1455 2215 684,

121 2222 196 2258 691.
258 2221 427 2252 Versuum
459 2223 524 2261 684
557 2227 591 2253 et
627 2222 693 2253 688
730 2223 846 2253 sedem
884 2226 1136 2262 permutaverat
1175 2221 1239 2251 iarn
1272 2221 1454 2259 Musgrave

121 2264 197 2302 685,
226 2265 291 2294 686
327 2264 446 2306 θένοιμι
478 2271 512 2296 et
545 2266 645 2299 θένοις
675 2266 827 2305 piemon,
860 2267 902 2296 ob
930 2276 959 2297 v.
993 2267 1076 2304 738:
1113 2275 1302 2305 perperam,
1332 2265 1456 2305 opinor

121 2308 187 2346 689
224 2311 405 2348 μαχοῦνται
439 2309 600 2349 Madvig:
640 2313 803 2351 μαχοῦμαι
837 2309 902 2340 LP
1078 2311 1144 2349 690
1182 2312 1365 2351 προστιθεῖς
1404 2308 1454 2339 L:

122 2353 303 2392 προστιθεὶς
336 2352 362 2382 Ρ
550 2356 615 2393 693
653 2353 713 2394 μὴ]
747 2354 780 2393 μ’
813 2355 848 2385 οὐ
881 2353 1068 2384 Kirchhoff
1239 2355 1413 2393 μενοῦντος
1444 2352 1457 2381 l

122 2396 186 2433 696
218 2395 377 2426 lineolam
402 2396 506 2435 praef.
535 2397 602 2427 LP
712 2396 829 2435 τοῖσδ’,
854 2396 917 2428 οῖσι
941 2397 954 2426 l
1119 2406 1181 2436 704
1213 2395 1273 2436 μὲν
1298 2396 1324 2426 L
1350 2397 1454 2437 (com-

124 2440 249 2478 pendio
267 2441 367 2481 scr.):
392 2441 436 2479 μὴ
456 2439 482 2469 Ρ
