1683 2732
542 464 1092 518 PRAEFATIO

208 626 578 667 LAVRENTIANO
634 627 864 680 Sophoclis
917 636 1048 681 atque
1102 629 1313 682 Aeschyli
1371 631 1480 671 libro

150 694 293 735 nullus
325 700 471 735 exstat
504 695 840 749 Euripideorum
874 710 954 749 par
986 704 1058 737 aut
1091 699 1377 751 propinqum,
1405 701 1478 740 sed

150 764 265 816 quod
303 763 344 802 in
382 763 464 803 illis
499 776 554 803 ex
593 778 678 804 uno
720 765 894 818 egregio
935 766 1080 806 codice
1124 766 1380 820 plerumque
1417 767 1479 818 fit,

150 832 193 872 id
225 831 442 885 colligitur
473 831 515 871 in
548 832 757 885 Euripide
788 846 844 872 ex
878 847 1085 875 consensu
1120 835 1310 887 plurium
1344 836 1477 876 bono-

147 914 255 941 rum.
333 900 449 940 Inter
486 914 594 953 quos
631 901 819 941 eminere
857 909 898 942 et
934 909 1080 943 aetate
1114 911 1156 943 et
1192 903 1277 944 fide
1309 912 1478 945 constat

149 969 417 1009 Marcianum
451 980 548 1021 471.
613 970 868 1010 Proximum
905 971 966 1010 illi
1003 972 1141 1012 locum
1181 972 1477 1013 Kirchhoffius

146 1037 359 1078 Vaticano
389 1037 553 1088 tribuit,
586 1051 661 1079 nos
692 1038 1079 1080 Wilamowitzium
1116 1041 1249 1081 secuti
1283 1041 1476 1082 Parisino

146 1106 219 1157 A;
264 1119 340 1147 nec
375 1107 591 1147 credimus
628 1106 963 1157 Kirchhoffium‚
998 1108 1031 1148 si
1070 1108 1307 1162 pleniorem
1346 1110 1475 1151 Iibro-

148 1188 241 1215 rum
266 1176 465 1216 notitiam
490 1175 722 1227 habuisset,
745 1177 777 1215 si
805 1177 1143 1218 constantiorem
1175 1178 1355 1219 Parisini
1378 1192 1474 1220 cum

148 1244 370 1285 Marciano
412 1245 701 1294 concordiam,
739 1246 773 1285 si
816 1245 1016 1286 Vaticani
1060 1247 1308 1288 innumeros
1349 1261 1474 1301 repu-

145 1318 280 1353 tasset
315 1326 393 1365 per
430 1314 637 1354 incuriam
680 1321 802 1355 natos
837 1328 1012 1364 errores
1045 1329 1130 1355 non
1168 1315 1306 1356 nullos
1344 1317 1474 1357 etiam

146 1395 223 1435 per
263 1381 489 1422 audaciam
533 1389 837 1433 correctorum,
880 1383 921 1423 in
967 1397 1043 1423 sua
1092 1385 1305 1426 sententia
1348 1385 1474 1426 fuisse

146 1463 410 1490 mansurum.
475 1450 561 1492 Sed
598 1451 670 1492 ubi
708 1452 956 1492 Marcianus
992 1458 1149 1503 exstat,
1183 1452 1403 1506 utriusque
1429 1455 1473 1494 A

145 1525 186 1559 et
208 1519 251 1559 V
275 1518 495 1560 fatendum
525 1526 589 1560 est
619 1520 678 1561 ita
711 1527 884 1561 tantum
914 1520 1060 1561 valere
1091 1522 1398 1562 auctoritatem
1429 1530 1474 1563 ut

145 1587 256 1628 MA
293 1587 361 1628 vel
400 1587 506 1628 MV
545 1589 673 1641 longe
710 1589 882 1642 gravius
919 1589 972 1629 sit
1009 1589 1306 1630 testimonium
1344 1604 1472 1643 quam

145 1656 192 1696 M
216 1656 378 1708 solius;
409 1656 455 1697 A
484 1663 558 1699 aut
586 1658 629 1698 V
658 1657 798 1698 solum
828 1657 1042 1698 rarissime
1067 1671 1212 1698 veram
1243 1658 1472 1700 lectionem

143 1732 291 1766 contra
314 1725 361 1765 M
376 1725 419 1766 V
439 1725 508 1766 vel
533 1726 579 1765 M
595 1725 639 1765 A
662 1726 953 1779 suppeditare.

203 1793 367 1834 Similis
391 1793 585 1835 Parisino
605 1793 649 1834 A
672 1796 746 1836 sed
776 1795 916 1848 impar
945 1802 1009 1835 est
1037 1794 1145 1835 alter
1174 1795 1386 1836 Parisinus
1411 1797 1472 1844 133

143 1862 216 1914 qui
249 1863 425 1914 quidem
454 1862 563 1904 liber
590 1863 813 1917 proprium
844 1863 1060 1916 quendam
1092 1864 1233 1903 locum
1265 1865 1362 1905 ideo
1392 1866 1472 1906 sibi

143 1931 345 1981 vindicat,
381 1932 497 1984 quod
535 1940 578 1973 et
616 1932 779 1973 scholia
814 1933 948 1974 habet
986 1933 1203 1973 uberrima
1246 1940 1287 1973 et
1330 1948 1385 1974 ex
1424 1934 1472 1973 iis

143 2006 267 2040 tanta
295 2000 507 2042 industria
536 2009 752 2043 correctus
783 2002 1013 2055 rescriptus
1040 2002 1251 2042 varietate
1279 2002 1473 2043 lectionis

145 2069 376 2109 instructus
405 2076 480 2118 est,
503 2076 551 2111 ut
579 2071 668 2111 iure
696 2071 815 2111 dicas
843 2071 919 2110 vix
948 2070 1084 2111 ullum
1116 2071 1308 2111 codicem
1344 2071 1470 2111 Euri-

143 2138 320 2192 pideum
348 2138 493 2193 plures
512 2139 657 2195 ¹malas
687 2139 892 2182 lectiones
920 2139 1127 2193 praebere
1156 2139 1323 2179 nullum
1353 2140 1469 2180 Mar-

145 2208 268 2248 ciano
308 2215 495 2261 excepto
541 2208 685 2262 plures
734 2209 883 2250 bonas.
968 2208 1177 2248 Notabile
1219 2215 1363 2249 autem
1406 2215 1470 2249 est

144 2276 375 2329 scripturas
408 2289 515 2330 quas
550 2284 654 2318 nota
687 2294 746 2330 γρ.
783 2276 853 2330 (=
874 2275 1086 2330 γράφεται)
1121 2276 1282 2329 profert
1318 2278 1365 2327 B,
1399 2291 1470 2318 eas

145 2360 230 2386 non
270 2359 439 2400 semper
480 2360 536 2387 ex
573 2346 744 2386 scholiis
787 2346 917 2398 ipsius
959 2352 1116 2386 tractas
1158 2345 1305 2395 videri,
1342 2359 1470 2398 saepe

145 2428 241 2454 cum
276 2414 500 2455 Marciano
530 2427 777 2467 congruere,
803 2428 942 2454 meras
975 2427 1066 2453 esse
1099 2414 1377 2462 coniecturas,
1400 2426 1468 2452 me

778 2497 820 2522 ιιι
