1683 2732
695 163 1009 218 EKABH

573 558 860 596 ’ΥΠΟΘΕΣΙΣ
908 559 1129 597 ΕΚΑΒΗΣ

232 666 325 700 Μετὰ
339 665 399 709 τὴν
414 664 518 701 Ἰλίου
531 665 731 711 πολιορκίαν
743 667 774 700 οἱ
784 666 844 711 μὲν
854 666 1020 710 ’Έλληνες
1032 666 1080 701 εἷς
1093 666 1152 710 τὴν
1165 666 1345 712 ἀντιπέραν
1358 667 1514 713 Τρῳάδος

184 725 401 768 Χερρόνησον
416 723 714 769 καθωρμίσθησαν·
738 722 918 769 Ἀχιλλεὺς
936 724 972 758 δὲ
991 725 1107 760 νυκτὸς
1125 724 1259 770 ὁραθεὶς
1277 725 1429 770 σφάγιον
1442 722 1512 769 ᾔτει

182 780 259 824 μίαν
276 785 343 815 τῶν
360 781 553 827 θυγατέρων
575 783 637 816 τοῦ
654 782 822 826 Πριάμου.
873 783 903 815 οἷ
926 783 987 826 μέν
1011 782 1068 817 οὖν
1085 783 1253 826 ’Έλληνες
1273 786 1432 828 τιμῶντες
1455 785 1516 818 τὸν

183 838 271 884 ἥρωα
283 839 482 884 Πολυξένην
495 839 760 875 ἀποσπάσαντες
771 837 918 884 Ἑκάβης
929 841 1165 887 ἐσφαγίασαν·
1191 841 1434 887 Πολυμήστωρ
1447 842 1483 876 δέ
1496 844 1513 876 ὁ

180 899 246 931 τῶν
257 900 398 942 Θρᾳκῶν
415 896 583 939 βασιλεὺς
595 896 653 931 ἕνα
665 900 729 931 τῶν
740 898 937 943 Πριαμιδῶν
949 898 1160 944 Πολύδωρον
1171 899 1336 944 ἔσφαξεν.
1380 899 1513 946 εἰλήφει

182 954 217 988 δέ
243 957 365 990 τοῦτον
387 955 478 1000 παρὰ
502 957 562 989 τοῦ
581 955 737 999 Πριάμου
758 956 776 989 ὁ
794 955 1035 1002 Πολυμήστωρ
1059 957 1104 992 εἷς
1128 957 1410 1002 παρακαταθήκην
1430 959 1514 1003 μετὰ

182 1015 372 1057 χρημάτων.
422 1012 574 1057 ἁλούσης
593 1012 629 1046 δὲ
649 1014 706 1056 τῆς
726 1014 870 1057 πόλεως,
890 1017 1076 1059 κατασχεῖν
1102 1014 1204 1049 αὐτοῦ
1228 1016 1439 1060 βουλόμενος
1456 1018 1516 1051 τὸν

181 1072 331 1106 πλοῦτον
349 1070 504 1117 φονεύειν
523 1072 659 1116 ὥρμησε
681 1070 735 1105 καὶ
753 1071 873 1116 φιλίας
891 1071 1130 1118 δυστυχούσης
1148 1073 1378 1119 ὠλιγώρησεν.
1424 1074 1512 1119 ἐκρι-

180 1130 304 1174 φέντος
323 1129 358 1164 δέ
376 1132 436 1165 τοῦ
454 1131 611 1175 σώματος
630 1129 674 1165 εἷς
695 1130 755 1174 τὴν
772 1129 966 1174 θάλασσαν,
986 1130 1117 1166 κλύδων
1133 1133 1218 1177 πρὸς
1235 1132 1294 1167 τὰς
1311 1135 1375 1167 τῶν
1393 1133 1512 1178 αἰχμα-

179 1188 331 1222 λωτίδων
356 1188 482 1232 σκηνὰς
509 1188 611 1223 αὐτὸν
640 1186 815 1231 ἐξέβαλεν.
881 1186 1008 1233 Ἑκάβη
1036 1189 1072 1223 δέ
1098 1190 1156 1224 τὸν
1181 1190 1296 1235 νεκρὸν
1322 1190 1514 1237 θεασαμένη

179 1246 320 1292 ἐπέγνω·
348 1247 576 1292 κοινωσαμένη
603 1247 639 1281 δέ
665 1246 725 1291 τὴν
751 1247 884 1292 γνώμην
909 1245 1147 1292 Ἀγαμέμνονι,
1169 1248 1423 1294 Πολυμήστορα
1449 1250 1514 1286 σὺν

179 1306 249 1338 τοῖς
265 1304 382 1338 παισὶν
405 1304 507 1339 αὐτοῦ
534 1305 578 1340 ὡς
602 1304 721 1348 ἑαυτὴν
741 1305 994 1350 μετεπέμψατο,
1016 1304 1212 1350 κρύπτουσα
1237 1308 1275 1341 τὸ
1299 1309 1450 1353 γεγονός,
1469 1309 1513 1344 ὡς

179 1361 232 1396 ἵνα
251 1362 444 1408 θησαυροὺς
461 1363 497 1398 ἐν
514 1362 603 1409 Ἰλίῳ
622 1362 755 1407 μηνύσῃ
776 1363 876 1409 αὐτῷ·
902 1365 1181 1410 παραγενομένων
1199 1365 1235 1399 δὲ
1253 1365 1330 1401 τοὺς
1348 1366 1408 1410 μὲν
1422 1367 1512 1403 υἱοὺς

180 1420 409 1465 κατέσφαξεν,
429 1421 529 1456 αὐτὸν
555 1422 591 1456 δέ
617 1423 676 1465 τῆς
701 1422 853 1466 ὁράσεως
873 1422 1072 1468 ἐστέρησεν.
1122 1423 1177 1458 ἐπὶ
1195 1423 1230 1457 δέ
1254 1426 1321 1459 τῶν
1338 1422 1513 1470 Ἑλλήνων

180 1479 331 1524 λέγουσα
348 1480 406 1513 τὸν
423 1479 610 1525 κατήγορον
627 1480 791 1524 ἐνίκησεν·
819 1480 934 1525 ἐκρίθη
952 1482 1018 1526 γὰρ
1037 1482 1094 1516 οὐκ
1112 1481 1211 1526 ἷίρξαι
1231 1483 1410 1527 ὠμότητος,
1430 1484 1509 1518 ἀλλ’

179 1536 370 1580 ἀμύνασθαι
387 1538 446 1572 τὸν
464 1538 685 1583 κατάρξαντα.

223 1617 301 1648 Hoc
329 1623 572 1658 argumentum,
607 1629 729 1650 recens
757 1619 893 1659 quidem
926 1630 1013 1659 opus
1039 1621 1100 1651 sed
1128 1621 1251 1652 ceteris
1278 1632 1366 1661 quae
1391 1628 1511 1654 extant

178 1661 356 1701 antiquius,
377 1662 443 1692 tale
466 1663 603 1693 exhibui
629 1663 728 1702 quale
755 1673 798 1693 ex
823 1663 920 1694 codd.
941 1673 1027 1696 rece.
1044 1663 1172 1703 aliquot
1197 1666 1303 1696 edidit
1322 1665 1510 1705 Schwartz,

177 1705 341 1735 varietate
369 1705 525 1737 lectionis
542 1716 585 1736 ex
612 1705 643 1736 A
673 1707 839 1746 apposita.
885 1706 1133 1746 Argumentum
1158 1708 1287 1739 nullum
1312 1709 1345 1739 in
1372 1709 1511 1749 MVL;

177 1747 242 1778 alia
259 1748 449 1787 Byzantina
467 1750 499 1779 in
516 1749 543 1779 B
558 1749 593 1780 P.
706 1750 870 1782 ‘Tvrdssecns
887 1752 1072 1792 πολυδώρου
1094 1757 1297 1792 suprascrp.
1346 1753 1510 1784 Conferre

178 1791 269 1822 iubet
296 1791 396 1822 Prinz
425 1793 530 1832 Greg.
562 1793 640 1824 Cor.
672 1803 702 1832 p.
738 1803 776 1833 17
802 1793 857 1832 qui
883 1793 962 1825 οἶσθ’
986 1794 1042 1826 οὖν
1064 1796 1081 1826 ἲ)
1106 1797 1225 1836 δρᾶσον
1251 1795 1350 1833 (Hec.
1370 1796 1448 1838 225)
1477 1797 1509 1827 in

178 1834 347 1874 Euripidis
388 1837 535 1876 Πολυίδῳ
579 1837 775 1878 (Πολυδώρῳ
815 1837 931 1876 Prinz)
972 1837 1040 1876 legi
1084 1839 1173 1869 dicit.
1239 1839 1290 1873 Cf.
1328 1840 1370 1870 ad
1408 1850 1438 1870 v.
1481 1850 1507 1872 1.

177 1888 196 1907 2
221 1880 386 1919 σφαγῆναι
403 1879 492 1919 ἠξίου
508 1879 540 1909 Α
646 1889 666 1918 5
692 1879 897 1922 κατέσφαξεν
913 1880 945 1911 Α
1050 1882 1070 1911 8
1094 1884 1275 1922 δυστυχοῦς
1291 1882 1322 1913 Α
1427 1893 1448 1922 9
1471 1885 1509 1915 τὸ

176 1922 352 1953 κλυδώνιον
375 1921 407 1952 Α
544 1931 595 1961 12,
617 1932 654 1961 13
689 1923 874 1963 κρύπτουσα
899 1947 907 1955 .
933 1949 940 1955 .
966 1948 973 1955 .
999 1924 1066 1965 ἵνα]
1091 1926 1131 1956 ὡς
1159 1924 1201 1963 A,
1225 1926 1348 1956 ceteris
1375 1927 1509 1957 omissis

180 1974 217 2035 ἔξ),
242 1964 490 2039 ἔαραγενΑομένω
508 1964 539 1996 Α
558 1965 659 2007 (-ένου
675 1966 746 2006 alii)
892 1977 930 2006 14
956 1969 1015 2005 τῆς
1032 1967 1187 2009 ὁράσεως]
1206 1971 1272 2001 τῶν
1288 1969 1460 2009 ὀφθαλμῶν
1477 1969 1508 1999 Α

197 2017 216 2046 5
261 2020 354 2049 ρχειν

274 2398 355 2419 EUR.
378 2400 395 2418 1.
1339 2387 1377 2417 21

1535 912 1553 944 5

1536 1208 1574 1231 10

1534 1496 1570 1529 15
