1651 2780
645 93 993 133 ΕὙΡΙΠΙΔΟΎ

251 193 347 234 ὅταν
372 195 486 246 φίλοι
512 196 674 247 φίλοισι
701 196 942 247 συμβάλωσ’
968 197 1060 249 ἔριν.

153 261 205 298 Ια.
248 262 310 300 δεῖ
330 260 382 311 μ’,
411 261 462 303 ὡς
489 261 604 309 ἔοικε,
631 262 683 313 μὴ
713 263 831 304 κακὸν
858 267 978 316 φῦναι
1002 262 1151 317 λέγειν,

250 326 340 366 αλλ’
366 327 470 369 ὥστε
495 328 588 370 ναὸς
617 329 752 370 κεδνὸν
773 331 1066 383 οἰακοστρόφου

247 392 403 446 ἄκροισι
427 396 598 447 λαίφους
626 396 861 449 κρασπέδοις
886 398 1147 450 ὑπεκδραμεῖν

248 459 318 510 τὴν
343 460 419 511 σὴν
445 462 686 515 στόμαργον,
713 461 742 503 ὦ
771 464 899 516 γύναι,
926 466 1232 518 γλωσσαλγίαν.
1412 479 1474 509 525

247 527 325 579 ἐγὼ
350 527 395 574 δ’,
421 529 553 579 ἐπειδὴ
583 531 644 570 καὶ
668 531 760 570 λίαν
787 535 951 584 πυργοῖς
975 531 1104 585 χάριν,

248 594 398 646 Κύπριν
422 596 566 646 νομίζω
593 598 661 647 τῆς
688 598 782 648 ἐμῆς
807 600 1042 650 ναυκληρίας

246 661 438 713 σώτειραν
466 661 564 703 εἶναι
592 665 691 704 θεῶν
718 680 759 704 τε
787 665 1026 717 κάνθρώπων
1050 666 1188 716 μόνην.

245 727 310 768 σοὶ
335 727 367 768 δ’
393 727 480 769 ἔστι
504 732 576 780 μὲν
603 733 692 772 νοῦς
717 731 1016 773 λεπτός-ἀλλ’
1043 733 1260 785 ἐπίφθονος

243 795 364 847 λόγος
389 798 573 843 διελθεῖν,
604 797 655 840 ὡς
675 796 808 850 ’Έρως
834 798 872 837 σ’
898 798 1101 851 ἠνάγκασε
1411 812 1475 844 530

242 856 403 912 Ττόξοις
429 859 651 915 ἀφύκτοιςῨ
677 864 822 916 τούμὸν
847 866 1025 920 ἐκσῷσαι
1049 865 1180 918 δέμας.

242 928 333 969 ἀλλ’
360 929 427 969 οὐκ
453 931 627 982 ἀκριβῶς
654 931 748 971 αὐτὸ
775 931 945 983 θήσομαι
969 933 1074 974 λίαν·

241 996 318 1052 ὅπῃ
344 998 418 1048 γὰρ
444 997 512 1037 οὖν
539 997 711 1048 ὤνησας,
739 998 784 1038 οὐ
811 1003 935 1042 κακῶς
960 1000 1057 1053 ἔχει.

240 1063 358 1113 μείζω
384 1080 430 1115 γε
455 1063 591 1115 μέντοι
616 1067 684 1115 τῆς
711 1066 806 1116 ε’μῆς
832 1067 1030 1118 σωτηρίας

242 1131 410 1183 εἴληφας
435 1127 458 1181 ἢ
486 1130 671 1178 δέδωκας,
701 1132 752 1174 ὡς
777 1134 855 1185 ἐγὼ
881 1132 1038 1185 φράσω.
1409 1147 1471 1178 535

240 1200 393 1248 πρῶτον
417 1200 489 1248 μὲν
514 1197 682 1240 Ἑλλάδ’
709 1200 795 1240 ἀντὶ
820 1199 1031 1252 βαρβάρου
1054 1199 1199 1255 χθονὸς

240 1268 356 1315 γαῖαν
384 1269 575 1307 κατοικεῖς
603 1267 665 1307 καὶ
693 1267 803 1317 δίκην
830 1268 1048 1308 ἐπίστασαι

239 1331 373 1381 νόμοις
397 1349 439 1372 τε
463 1335 639 1386 χρῆσθαι
665 1333 717 1384 μὴ
745 1334 840 1386 πρὸς
868 1335 1006 1387 ἰσχύος
1032 1334 1161 1388 χάριν·

239 1397 381 1440 πάντες
407 1398 448 1439 δέ
475 1399 512 1437 σ’
539 1398 702 1455 ᾔσθοντ’
729 1401 853 1441 οὖσαν
871 1399 1076 1451 (Έλληνες
1101 1400 1234 1453 σοφὴν

240 1465 303 1505 καὶ
328 1463 446 1515 δόξαν
472 1465 605 1518 ἔσχες·
644 1468 677 1507 εἰ
703 1469 744 1507 δὲ
770 1470 842 1519 γῆς
866 1467 927 1508 ἐπ’
953 1468 1140 1522 ἐσχάτοις
1407 1482 1470 1512 540

238 1531 391 1583 ὅροισιν
418 1532 540 1587 ᾤκεις,
569 1533 637 1573 οὐκ
663 1533 712 1574 ἂν
738 1532 785 1584 ἦν
809 1535 931 1586 λόγος
958 1534 1088 1575 σέθεν.

239 1599 295 1648 ε’ίη
323 1598 355 1638 δ’
382 1599 517 1652 ἔμοιγε
540 1598 639 1651 μήτε
664 1600 814 1654 χρυσὸς
838 1602 881 1642 ἐν
907 1602 1041 1652 δόμοις

235 1663 323 1715 μήτ’
349 1664 532 1718 Ὀρφέως
562 1666 727 1708 κάλλιον
752 1669 926 1719 ὑμνῆσαι
949 1668 1084 1719 μέλος,

237 1732 269 1771 εἰ
293 1731 345 1782 μὴ
371 1731 554 1784 ’πίσημος
580 1734 602 1784 ἡ
631 1734 730 1788 τύχη
757 1734 914 1787 γένοιτό
938 1752 1016 1787 μοι.

300 1803 472 1840 τοσαῦτα
495 1800 568 1851 μέν
593 1818 659 1841 σοι
687 1805 764 1842 τῶν
790 1803 892 1853 ἐμῶν
919 1803 1051 1843 πόνων
1075 1800 1164 1855 πέρι
1400 1814 1465 1845 545

235 1864 359 1916 ἔλεξ’·
398 1866 572 1919 ἅμιλλαν
598 1871 673 1921 γὰρ
703 1868 753 1908 σὺ
780 1869 1002 1920 προύθηκας
1026 1869 1173 1921 λόγων.

234 1933 258 1972 ἃ
284 1932 317 1973 δ’
343 1934 382 1975 ἐς
407 1934 554 1987 γάμους
580 1953 647 1987 μοι
673 1936 913 1987 βασιλικοὺς
940 1936 1159 1981 ὠνείδισας,

176 2034 238 2064 523
264 2029 336 2065 νηὸς
356 2029 381 2059 L
395 2029 420 2059 Ρ
438 2040 605 2071 suprascr.
625 2032 668 2062 Vl
796 2033 860 2071 526
885 2033 953 2064 ἐπεὶ
972 2032 1033 2069 σὴν
1051 2029 1168 2060 Nauck
1246 2072 1252 2078 ι
1300 2037 1364 2067 527
1388 2038 1458 2077 seq.

133 2071 323 2111 ναυκληρίας
355 2074 527 2116 σώτειραν]
564 2076 723 2118 σωτηρίας
756 2076 935 2117 ναύκληρον
967 2073 1094 2104 Nauck.
1144 2077 1168 2106 Σ
1198 2072 1277 2111 qu1d
1309 2072 1463 2102 habuerlt

133 2111 298 2144 incertum
450 2129 514 2158 529
549 2122 619 2152 νοῦς
644 2121 739 2150 codd.
768 2124 801 2150 et
825 2124 871 2152 Σε
908 2122 932 2151 Σ
958 2119 1031 2156 ἐμὸς
1055 2116 1107 2147 vel
1130 2129 1182 2156 μοι
1205 2116 1320 2155 legere
1346 2116 1462 2146 crede-

132 2155 187 2185 bat
214 2156 306 2188 Weil
518 2173 578 2202 531
613 2163 717 2204 τόξοις
751 2162 904 2204 ἀφύκτοις
933 2159 1139 2194 ΑνΒΣΒῑ
1173 2158 1280 2191 πόνων
1311 2158 1462 2200 ἆφύκτων

133 2198 252 2234 [ΡΣί
277 2203 382 2237 τόνοις
407 2206 560 2247 ἀφύκτοις
576 2207 709 2237 Verrall
730 2206 855 2246 (malim
878 2205 962 2245 ’τόνῳ
985 2205 1015 2236 σ’
1034 2203 1178 2244 ἀφύκτῳ,
1203 2202 1310 2233 altero
1333 2202 1364 2233 σ”
1382 2206 1460 2241 post

131 2244 205 2285 ἔρως
223 2248 362 2278 omisso]
460 2260 522 2289 532
549 2252 628 2282 αὐτὰ
647 2250 672 2280 L
686 2249 712 2280 P
813 2259 875 2288 533
900 2248 954 2280 οὖν
970 2258 1034 2279 om.
1054 2246 1085 2277 A
1099 2246 1125 2277 P
1215 2255 1277 2285 534
1304 2245 1461 2276 Fortasse

130 2292 199 2322 ταῖς
233 2293 320 2331 ἐμαῖς
351 2294 521 2332 σωτηρίως
697 2294 761 2333 538
796 2291 906 2335 χάριν]
929 2305 980 2334 γρ.
1009 2290 1117 2333 θράσει
1141 2295 1165 2323 Σ
1191 2287 1321 2331 (μηκέτ’
1346 2288 1460 2330 ἰσχύος

131 2334 238 2374 θράσει
258 2335 493 2374 Ηετννεῖόεη)
645 2347 705 2376 541
734 2336 851 2378 Ao'yon
867 2336 898 2366 V
1046 2343 1194 2373 542-544
1213 2333 1347 2372 spurios
1364 2336 1459 2372 putat

131 2377 292 2418 Hartung
427 2389 489 2418 545
513 2380 573 2419 μέν
591 2393 640 2412 σοι
661 2381 743 2412 LP:
770 2379 878 2419 μέντοι
898 2379 969 2409 AV
982 2379 1008 2409 B
