1651 2780
618 114 972 153 ΕΎΡΙΠΙΔΟΎ

226 217 325 268 ’ὑμᾶς
349 216 382 257 τ’
409 215 541 267 ὀνήσω
567 217 708 258 τούσδε
733 235 775 258 τε
799 218 955 271 βλάψω
981 220 1124 261 θανών.

128 287 200 324 Αλ.
228 285 267 324 τί
290 286 387 334 δῆτα
411 283 586 335 μέλλετ’,
615 286 648 325 εἰ
674 285 790 326 πόλει
817 287 1017 338 σωτηρίαν
1375 301 1459 333 1045

228 351 551 404 κατεργάσασθαι
575 353 684 392 τοῖο-ί
705 351 737 392 τ’
765 352 811 403 ἐξ
832 353 942 404 ἡμῶν
967 354 1109 407 χρεών,

227 419 393 459 κτείνειν
418 418 487 459 τὸν
512 417 634 471 ἄνδρα
659 419 775 466 τόνδ’,
806 420 1014 462 ἀκούοντες
1038 420 1130 462 τάδε
1138 438 1151 469 ;

228 486 404 526 δείκνυσι
428 487 504 538 γὰρ
530 485 716 527 κέλευθον
743 487 1075 539 ἀσφαλεστάτην*

228 552 369 606 ἐχθρὸς
393 555 465 603 μὲν
491 551 601 605 ἁνήρ,
631 553 785 606 ὠφελεῖ
807 556 849 595 δὲ
876 555 1092 596 κατθανών.

229 619 393 670 κομίζετ’
420 619 551 666 αὐτόν,
578 623 717 671 δμῶες·
756 621 840 662 εἶτα
864 622 941 675 χρὴ
969 623 1083 662 κυσὶν
1379 636 1465 667 1050

227 689 360 727 δοῦναι
386 688 612 730 κτανόντας·
650 688 703 739 μὴ
730 690 805 741 γὰρ
832 690 1003 745 ἐλπίσῃς
1029 690 1135 731 ὅπως

228 754 337 796 αὖθις
361 752 541 809 πατρῴας
568 755 641 805 ζῶν
669 755 727 806 ἔμ’
754 757 943 807 ἐκβαλεῖς
969 757 1126 809 χθονός.

133 1157 256 1208 Ημιχ.
287 1153 408 1195 ταύτὰ
433 1157 542 1196 δοκεῖ
562 1172 642 1207 μοι.
714 1155 903 1209 στείχετ’,
931 1157 1084 1198 ὀπαδοί.

297 1223 345 1262 τὰ
369 1223 444 1274 γὰρ
471 1220 518 1272 ἐξ
537 1222 648 1273 ἡμῶν

299 1291 475 1341 καθαρῶς
501 1290 617 1330 ἔσται
641 1293 898 1341 βασιλεῦσιν.
1383 1301 1466 1332 1055

176 1381 260 1418 1046
294 1382 380 1420 ὑμῶν
411 1391 528 1420 apogr.
557 1381 665 1412 Paris.
847 1392 930 1422 1049
967 1381 1046 1423 ἀνήρ
1075 1381 1102 1412 L
1115 1381 1160 1413 P:
1198 1390 1284 1412 corr,
1316 1380 1468 1420 Elmsley

133 1433 215 1462 1050
243 1424 350 1465 κυσὶν]
379 1423 463 1456 κόνει
490 1424 680 1463 Housman,
704 1426 765 1456 sed
790 1435 909 1456 revera
933 1426 1126 1464 discerptus
1149 1425 1235 1455 fuit:
1266 1424 1309 1455 cf.
1333 1424 1467 1456 Strabo.

129 1478 160 1506 9.
177 1477 239 1506 377
424 1478 506 1507 1053
533 1474 632 1508 Ημιχ.
651 1470 793 1508 scripsi:
818 1483 890 1510 χορ.
911 1469 985 1499 LP.
1031 1470 1124 1500 Ante
1148 1469 1238 1498 hunc
1260 1479 1290 1499 v.
1314 1467 1467 1498 lacunam

130 1521 207 1541 esse
221 1511 303 1541 vidit
319 1511 506 1541 Hermann.
550 1512 695 1543 Videtur
713 1517 790 1551 post
808 1513 915 1543 rixam
934 1523 1037 1543 unum
1057 1511 1320 1542 Hemichorium
1334 1511 1467 1542 Alcme-

130 1565 194 1585 nae
211 1554 323 1585 scelus
337 1555 540 1585 detestatum
558 1556 651 1586 abire
665 1556 752 1586 velle
766 1568 771 1592 ;
798 1556 944 1586 alterum
962 1557 1066 1588 ταύτὰ
1082 1555 1200 1595 (ταῦτα
1214 1555 1240 1585 L
1254 1555 1298 1596 P)
1312 1557 1403 1587 δοκεῖ
1415 1568 1468 1595 μοι

132 1599 245 1629 dicere
293 1598 479 1638 Subscript.
499 1600 656 1641 εὐριπίδου
672 1600 857 1640 ἦρακλεῗδαι
875 1601 887 1630 Ι
902 1599 928 1629 P

176 1664 381 1702 Fragmenta
413 1674 456 1694 ex
487 1664 549 1695 hac
579 1664 690 1695 sabula
722 1665 825 1695 citata
854 1676 942 1704 quae
972 1665 1006 1695 in
1036 1675 1112 1704 pag.
1142 1675 1214 1704 seq.
1247 1664 1470 1705 apposuimus

131 1707 291 1737 videntur
315 1708 358 1738 ad
387 1717 460 1738 eam
487 1714 618 1747 partem
644 1709 824 1739 referenda
854 1719 930 1739 esse
954 1719 1052 1748 quarn
1081 1715 1159 1748 post
1181 1720 1212 1740 v.
1236 1710 1301 1748 629
1326 1709 1469 1748 periisse

131 1752 214 1782 vidit
244 1751 442 1782 Kirchhoff:
483 1753 603 1782 deesse
632 1752 722 1782 enim
753 1753 862 1783 nuntii
895 1754 966 1783 sive
998 1753 1250 1792 Demophontis
1283 1753 1325 1783 de
1358 1758 1469 1782 morte

134 1794 300 1825 Macariae
319 1795 548 1826 narrationem
571 1801 605 1826 et
621 1795 809 1826 Alcmenae
828 1796 945 1826 matris
964 1795 1112 1826 lamenta
1129 1807 1203 1827 cum
1222 1796 1317 1826 chori
1335 1796 1469 1827 cantico

133 1839 267 1877 integro
300 1839 388 1872 «vide
420 1839 522 1869 etiam
555 1840 820 1880 argumentum).
880 1840 986 1870 Cuius
1014 1840 1164 1870 volneris
1196 1840 1336 1879 tegendi
1369 1850 1469 1870 causa

133 1883 266 1912 additos
284 1882 324 1912 ab
343 1883 565 1913 histrionibus
588 1888 683 1922 putat
702 1882 931 1913 Wilamowitz
950 1894 1000 1913 vv.
1019 1885 1180 1922 353—380,
1201 1885 1364 1922 672-673‚
1385 1884 1470 1921 819-

133 1927 206 1957 822.
228 1932 260 1956 et
279 1926 425 1956 sortasse
443 1927 602 1965 642ss658*
654 1926 704 1958 Cf.
725 1927 826 1957 etiam
844 1927 884 1957 ad
903 1937 932 1956 v.
953 1937 1016 1966 299
1029 1937 1100 1964 7301
