1651 2780
645 80 993 119 ΕΥΡΙΠΙΔΟΥ

251 186 318 224 νῦν
343 183 509 226 οὖν-τί
532 189 651 227 ταῦτα
678 190 764 229 σοῖς
790 189 1017 240 ἁμιλλῶμαι
1042 189 1178 242 λόγοις

252 253 389 302 νεκροῦ
414 252 608 304 παρόντος
634 253 827 307 μάρτυρος
853 255 1130 308 σαφεστάτου,-

250 315 382 369 ἔξερρε
407 320 521 369 γαίας
548 319 660 370 τῆσδ’
687 321 787 361 ὅσον
811 321 933 375 τάχος
959 322 1103 375 φυγάς,

251 384 314 424 καὶ
337 383 426 435 μήτ’
452 384 623 436 Ἀθήνας
649 389 718 430 τὰς
745 388 982 439 θεοδμήτους
1006 390 1145 446 μόλῃς,

249 448 338 500 μήτ’
363 452 418 493 εἷς
441 452 554 503 ὅρους
581 455 654 505 γῆς
679 453 724 504 ἧς
751 455 842 505 ἐμὸν
870 459 1003 507 κρατεῖ
1025 457 1129 508 δόρυ.
1412 470 1476 504 975

249 517 283 556 εἰ
307 518 382 569 γὰρ
406 519 542 559 παθών
568 537 613 572 γε
640 524 713 561 σοῦ
738 520 821 562 τάδ’
849 521 1148 574 ἡσσηθήσομαι,

249 582 294 622 οὐ
316 584 557 636 μαρτυρήσει
583 586 622 637 μ’
641 586 823 639 Ἴσθμιος
850 589 956 630 Σίνις
980 591 1075 630 ποτὲ

249 654 401 691 κτανεῖν
427 653 576 700 ἑαυτόν,
606 655 712 695 ἀλλὰ
739 654 950 706 κομπάζειν
974 655 1112 707 μάτην,

249 715 328 756 οὐδ’
355 719 393 758 αἱ
419 718 608 776 θαλάσσῃ
635 722 821 772 σύννομοι
849 723 1080 774 Σκιρωνίὸες

246 782 426 834 φήσουσι
450 784 588 839 πέτραι
614 791 695 830 τοῖς
722 792 852 830 κακοῖς
877 788 917 839 μ’
945 788 1044 830 εἶναι
1069 789 1210 841 βαρύν.
1412 795 1476 834 980

147 850 218 889 Xo.
245 848 312 889 οὐκ
337 850 408 891 οἶδ’
434 852 540 894 ὅπως
568 854 711 904 εἴποιμ’
738 855 785 895 ἂν
813 855 990 908 εὐτυχεῖν
1015 873 1102 896 τινα

247 919 411 967 θνητῶν·
449 920 496 957 τὰ
523 921 596 972 γὰρ
624 919 669 970 δὴ
697 920 816 972 πρῶτ’
845 920 1114 974 ἀνέστραπται
1139 921 1272 963 πάλιν.

150 985 206 1023 Ιπ.
245 982 378 1035 πάτερ,
407 983 524 1034 μένος
548 988 620 1036 μὲν
647 985 839 1036 ξύστασίς
864 1004 907 1028 τε
933 992 1016 1028 σῶν
1041 992 1200 1041 φρενῶν

245 1049 366 1101 δεινή·
404 1050 448 1091 τὸ
472 1051 607 1102 μέντοι
634 1053 779 1106 πρᾶγμ’
806 1054 900 1107 ἕχον
928 1054 1071 1097 καλοὺς
1096 1055 1253 1107 λόγους,

245 1117 281 1157 εἴ
303 1133 362 1159 τις
387 1117 646 1170 διαπτύξειεν,
675 1120 719 1161 οὐ
746 1120 868 1162 καλὸν
893 1122 993 1162 τόδε.
1408 1127 1472 1168 985

245 1184 322 1235 ἐγὼ
347 1183 380 1224 δ’
404 1184 586 1238 ἄκομψος
615 1188 669 1228 εἰς
694 1188 820 1240 ὄχλον
846 1191 980 1228 δοῦναι
1003 1188 1140 1241 λόγον,

245 1251 284 1292 ἐς
308 1251 447 1301 ἥλικας
471 1253 513 1293 δὲ
542 1252 734 1305 κώλίγους
760 1254 1000 1307 σοφώτερος.

244 1316 329 1370 ἔχει
353 1320 394 1358 δὲ
418 1322 559 1371 μοῖραν
587 1319 648 1360 καὶ
668 1319 761 1360 τόδ’·
800 1322 835 1361 οἱ
860 1323 934 1374 γὰρ
962 1322 1003 1362 ἐν
1030 1325 1175 1374 σοφοῖς

243 1387 392 1435 φαῦλοι
418 1385 508 1437 παρ’
536 1388 646 1441 ὄχλῳ
673 1388 957 1440 μουσικώτεροι
982 1387 1130 1441 λέγειν.

243 1450 346 1501 ὅμως
372 1450 404 1491 δ’
431 1450 595 1504 ἀνάγκη,
626 1452 829 1506 ξυμφορᾶς
854 1454 1088 1507 ἀφιγμένης,
1409 1468 1472 1499 990

241 1516 436 1569 γλῶσσάν
460 1518 499 1568 μ’
525 1520 698 1571 ἀφεῖναι.
772 1524 907 1573 πρῶτα
932 1521 964 1561 δ’
990 1520 1156 1573 ἄρξομαι
1181 1520 1328 1574 λέγειν,

241 1583 331 1624 ὅθεν
356 1584 395 1634 μ’
420 1585 594 1635 ὑπῆλθες
622 1590 776 1638 πρῶτον
804 1587 855 1629 ὡς
880 1590 1105 1639 διαφθερῶν

244 1649 333 1690 κούκ
358 1650 613 1702 ἆντιλέξοντ’.
687 1654 844 1708 εἰσορᾷς
869 1652 971 1705 φάος
996 1654 1086 1695 τόδε

243 1717 304 1758 καὶ
328 1720 457 1769 γαῖαν·
497 1719 538 1758 ἐν
564 1718 689 1759 τοῖσδ’
717 1719 784 1759 οὐκ
811 1719 938 1761 ἔνεστ’
965 1719 1063 1772 ἀνὴρ
1087 1721 1193 1770 ἐμοῦ,

239 1782 320 1823 οὐδ’
344 1780 393 1834 ἢν
419 1783 468 1824 σὺ
493 1784 545 1834 μὴ
573 1791 663 1842 φῇς,
693 1786 1021 1839 σωφρονέστερος
1046 1787 1184 1839 γεγώς.
1403 1799 1468 1832 995

239 1850 454 1901 ἐπίσταμαι
479 1853 553 1903 γὰρ
579 1855 713 1904 πρῶτα
737 1854 809 1903 μὲν
836 1853 948 1895 θεοὺς
974 1853 1126 1904 σέβειν,

180 1953 240 1982 971
268 1945 323 1976 νῦν
340 1942 409 1985 οὖν]
429 1944 463 1976 τί
479 1943 533 1976 οὖν
552 1944 578 1974 Ρ
732 1955 796 1985 973
821 1945 927 1987 ἔξερρι-
949 1946 992 1978 L:
1020 1956 1105 1978 corr.
1123 1946 1136 1976 l
1243 1945 1348 1986 φυγὰς
1364 1945 1467 1986 τάχος

139 1986 170 2016 Μ
185 1986 215 2018 O
347 1996 411 2027 975
436 1987 508 2028 ὅρον
522 1988 551 2017 V
567 1999 574 2018 τ
599 1998 684 2019 corr.
703 1999 722 2019 v
853 1990 917 2028 976
940 1989 1162 2027 ἡττηθήσομαι
1178 1988 1209 2019 Α
1340 1989 1404 2028 978
1427 2002 1466 2030 γε

137 2029 234 2061 αὐτόν
249 2029 281 2062 Α
456 2041 521 2071 979
546 2032 610 2064 οὐδ’
629 2035 662 2064 ἐν
681 2032 734 2063 M:
760 2031 831 2064 οὐδὲ
850 2032 876 2062 L
1010 2032 1157 2074 θαλάσσῃ
1181 2032 1214 2062 Μ
1237 2041 1405 2071 suprascr.
1426 2042 1465 2064 v:

136 2072 304 2112 θαλάσσης
327 2073 398 2105 rell.
514 2076 696 2117 σκιρωνίδες
714 2075 744 2106 Ο
764 2075 870 2115 (casu,
890 2075 1025 2116 opinor]
1043 2087 1048 2107 :
1076 2088 1181 2117 σκιρρ-
1200 2075 1246 2105 L:
1273 2087 1374 2114 σκειρ-
1392 2075 1465 2130 ΓΕΙΙΙ.

135 2117 198 2154 983
216 2116 362 2156 ξύντασις
379 2117 595 2150 Herwerden
613 2119 779 2159 (ξύστασις
793 2119 831 2160 Σ)
923 2120 986 2158 984
1005 2119 1069 2159 ἔχω
1085 2119 1110 2149 Ρ
1125 2131 1129 2149 z
1148 2128 1234 2149 corr.
1246 2123 1271 2159 p
1348 2124 1466 2151 καλους

137 2158 169 2189 Μ
182 2159 213 2190 Α
225 2159 252 2189 Β
264 2164 287 2194 Σ
303 2174 354 2201 γρ.
374 2161 423 2193 V:
450 2163 594 2195 πολλοὺς
611 2163 642 2194 V
653 2162 679 2192 L
692 2162 718 2192 P
861 2164 926 2202 986
949 2162 1067 2203 λόγους
1086 2161 1117 2192 Μ
1130 2161 1174 2192 Α2
1185 2172 1223 2193 v:
1247 2175 1299 2203 γρ.
1318 2162 1465 2194 ἀναιδιῶν

135 2211 155 2232 v
183 2203 300 2244 (λόγον
330 2204 414 2235 Plut.
442 2205 483 2235 de
508 2206 562 2237 lib.
591 2206 642 2236 ed.
670 2215 704 2245 p.
729 2206 770 2237 6:
806 2204 923 2247 λόγους
948 2206 1098 2258 (Ξτετηῗτ,
1124 2205 1254 2237 Anecd.
1282 2205 1300 2236 i.
1325 2215 1356 2245 p.
1381 2204 1464 2245 292)

134 2255 213 2320 ἓῗξί.
236 2251 412 2330 ξιὲζῗῖοέἒςο
425 2247 461 2323 :A
469 2259 622 2334 ,ἰρόῖἴζᾷν
640 2248 717 2324 ‘Sui
731 2291 756 2324 P
904 2248 1242 2331 ⁹⁹593⁷''L‘Z{ss⁹cffi3
1257 2247 1464 2325 {2²3⁹}ss

135 2331 311 2364 Markland
