1683 2732
672 90 924 127 ΜΗΔΕΙΑ

238 193 345 245 κάγὼ
370 193 488 233 πόλιν
513 193 588 242 σὴν
615 192 665 233 ὡς
691 191 847 244 τάχιστ’
874 192 1076 244 ἀφίξομαι,

239 256 408 311 πράξασ’
434 259 457 300 ἃ
480 259 616 310 μέλλω
645 259 706 298 καὶ
731 257 892 312 τυχοῦσ’
918 259 942 299 ἃ
966 260 1176 311 βούλομαι.

139 329 210 366 Χο.
237 316 350 366 ἀλλά
369 325 407 365 σ’
433 326 453 365 ὁ
479 326 611 366 Μαίας
635 328 832 376 πομπαῖος
857 324 958 376 ἄναξ

239 391 429 433 πελάσειε
453 392 598 442 δόμοις,
625 392 679 432 ὧν
704 390 737 431 τ’
762 392 940 433 ἐπίνοιαν
1001 398 1003 402 ’
1406 397 1467 436 760

240 459 422 501 σπεύδεις
449 457 625 511 κατέχων
648 457 847 511 πράξειας,
876 458 961 499 ἐπεὶ

237 529 418 577 γενναῖος
443 524 552 577 ἀνήρ,

239 595 373 644 Αἰγεῦ,
400 591 489 644 παρ’
516 591 600 643 ἐμοὶ
626 592 849 643 δεδόκησαι.

139 660 221 708 Μη.
240 657 270 698 ὦ
296 661 372 698 Ζεῦ
398 660 498 707 Δίκη
523 675 566 700 τε
591 658 718 709 Ζηνὸς
743 658 886 699 ἛΙλίου
910 675 952 699 τε
977 661 1076 710 φῶς,

239 728 306 765 νῦν
333 726 553 766 καλλίνικοι
577 729 655 765 τῶν
680 727 784 776 ἐμῶν
809 727 976 778 ἐχθρῶν,
1005 726 1135 777 φίλαι,
1407 732 1466 772 765

238 792 517 843 γενησόμεσθα
544 793 622 833 κείς
647 791 738 832 ὁδὸν
762 791 1010 843 βεβήκαμεν·

239 861 308 899 νῦν
331 855 394 910 [δ’]
420 859 532 900 ἐλπὶς
558 858 723 912 ἐχθροὺς
748 858 838 901 τοὺς
863 858 979 910 ἐμοὺς
1003 859 1150 899 τείσειν
1176 859 1300 910 δίκην.

240 924 353 967 οὗτος
378 926 453 977 γὰρ
479 924 575 977 ἀνὴρ
600 923 623 982 ᾖ
648 924 812 976 μάλιστ’
840 924 1059 976 ἐκάμνομεν

240 991 361 1042 λιμὴν
385 991 584 1043 πέφανται
609 996 687 1032 τῶν
712 993 816 1043 ἐμῶν
840 990 1138 1043 βουλευμάτων·

239 1059 282 1098 ἐκ
307 1057 409 1098 τοῦδ’
434 1059 702 1110 ἀναψόμεσθα
726 1057 953 1111 πρυμνήτην
980 1057 1123 1103 κάλων,
1403 1070 1467 1102 770

240 1125 433 1175 μολόντες
457 1124 558 1166 ἄστυ
585 1126 646 1165 καὶ
671 1126 853 1177 πόλισμα
878 1123 1106 1166 Παλλάδος.

239 1190 311 1241 ἤδη
339 1194 380 1232 δὲ
405 1191 533 1233 πάντα
557 1192 660 1243 τάμά
687 1209 752 1232 σοι
776 1191 1031 1242 βουλεύματα

239 1257 356 1308 λέξω·
393 1257 510 1311 δέχου
535 1260 576 1299 δὲ
601 1258 652 1309 μὴ
679 1259 775 1311 πρὸς
801 1258 945 1309 ἡδονὴν
970 1258 1126 1309 λόγους.

305 1324 489 1378 πέμψασ’
515 1327 618 1377 ἐμῶν
643 1326 716 1366 τιν’
742 1327 903 1366 οἰκετῶν
928 1325 1090 1367 Ἰάσονα

239 1391 278 1431 ἐς
303 1391 400 1442 ὄψιν
427 1391 558 1430 ἐλθεῖν
582 1390 654 1440 τὴν
681 1390 778 1441 ἐμὴν
803 1388 1029 1441 αἰτήσομαι·
1405 1402 1464 1438 775

235 1457 399 1507 μολόντι
425 1456 457 1495 δ’
483 1456 585 1511 αὐτῷ
610 1456 836 1508 μαλθακοὺς
860 1455 964 1507 λέξω
989 1457 1145 1509 λόγους,

237 1523 289 1565 ὡς
315 1523 376 1563 καὶ
401 1525 510 1563 δοκεῖ
529 1540 594 1574 μοι
620 1522 752 1569 ταύτά,
781 1523 843 1563 καὶ
870 1527 1000 1565 καλῶς
1025 1524 1133 1577 ἔχειν

237 1588 384 1641 γάμους
408 1589 606 1641 τυράννων
630 1590 697 1632 οὓς
720 1589 889 1642 προδοὺς
911 1590 1012 1641 ἡμᾶς
1037 1591 1134 1644 ἕχει·

237 1657 299 1696 καὶ
323 1655 490 1709 ξύμφορ’
516 1657 616 1697 εἶναι
641 1657 702 1697 καὶ
729 1660 856 1698 καλῶς
882 1656 1125 1709 ἐγνωσμένα.

235 1725 376 1764 παῖδας
400 1725 442 1764 δὲ
465 1728 597 1774 μεῖναι
619 1723 710 1766 τοὺς
734 1723 850 1775 ἐμοὺς
875 1723 1101 1775 αἰτήσομαι,
1401 1729 1464 1768 780

236 1789 311 1843 οὐχ
335 1789 386 1831 ὡς
410 1789 568 1830 λιποῦσ’
594 1790 643 1831 ἂν
666 1792 859 1841 πολεμίας
884 1791 948 1831 ἐπὶ
972 1790 1119 1844 χθονὸς

236 1857 416 1909 ἐχθροῖσι
440 1860 581 1899 παῖδας
605 1857 695 1899 τοὺς
720 1857 835 1909 ἐμοὺς
861 1858 1113 1910 καθυβρίσαι,

235 1922 327 1962 ἀλλ’
353 1923 404 1965 ὡς
429 1924 585 1964 δόλοισι
611 1928 731 1965 παῖδα
754 1923 962 1976 βασιλέως
988 1923 1126 1964 κτάνω.

179 2014 241 2053 758
264 2016 399 2055 τυχοῦσ’
417 2014 459 2048 ὧν
478 2014 547 2046 ΑΡ
725 2026 787 2055 759
810 2016 893 2055 XOJ]
913 2018 1016 2047 ταῦτα
1040 2016 1115 2047 ἔνιοι
1139 2019 1184 2055 τῷ
1208 2015 1296 2057 χόρῳ
1322 2016 1397 2048 ἔνιοι
1420 2018 1461 2058 τῇ

136 2058 258 2099 Μηδείᾳ
282 2058 515 2099 προσνέμουσιν
539 2063 562 2093 Σ
693 2061 753 2098 767
787 2061 813 2092 δ’
839 2059 903 2090 del.
933 2059 1101 2089 Matthiae.
1152 2059 1295 2089 Versum
1320 2059 1460 2089 seclusit

136 2100 248 2131 Bothe
393 2103 455 2140 768
479 2103 556 2143 ἀνὴρ
575 2103 669 2134 codd.
690 2114 696 2133 :
721 2113 805 2134 corr.
827 2103 958 2133 Porson
1062 2102 1204 2141 ,adhe-721:-
1223 2102 1384 2142 κάμνομεν
1406 2102 1461 2132 A:

135 2154 218 2175 corr.
236 2143 279 2174 Α2
423 2146 485 2183 769
508 2146 670 2186 πέφασται
687 2146 718 2177 V
851 2156 911 2184 774
937 2145 1014 2185 ἐμόν
1030 2145 1090 2177 τιν’
1108 2145 1138 2174 Α
1273 2155 1333 2184 777
1358 2148 1461 2178 ταῦτα

135 2188 258 2219 codd.:
292 2197 376 2219 corr.
409 2188 542 2219 Barnes
689 2190 779 2230 ἔχειν
806 2189 1026 2227 Hervagiana
1053 2189 1225 2219 secunda:
1263 2192 1332 2230 ἔχει
1362 2190 1457 2220 codd.

135 2240 197 2270 779
229 2230 416 2272 ἐγνωσμένα
441 2231 575 2262 AVB:
608 2233 804 2274 εἰργασμένα
831 2232 896 2262 LP
1111 2232 1175 2271 780
1205 2231 1333 2272 παῖδας]
1360 2233 1458 2264 πόδας

133 2284 302 2314 suprascr.
319 2274 363 2304 A·
506 2277 566 2314 781
593 2277 721 2308 λιποῦσ’
739 2277 778 2308 ἂν
794 2275 963 2314 Elmsley:
990 2278 1130 2308 λιποῦσα
1146 2277 1242 2306 codd.
1263 2287 1270 2306 τ
1294 2276 1376 2308 λίπω
1394 2283 1456 2316 σφε

134 2317 267 2357 Burges
414 2318 476 2356 782
509 2318 572 2351 del.
599 2319 756 2350 Brunck:
781 2321 907 2360 ἐχθροῖς
923 2322 1081 2360 παρασχῶ
1097 2318 1216 2349 Arnim
