1683 2732
684 87 745 124 ΙΠ
759 87 1052 125 ΠΟΛΎΤΟΣ

302 187 326 239 ἢ
351 187 383 229 δ’
411 188 572 239 εὐκλεὴς
595 189 680 240 μέν,
707 189 799 230 ἀλλ’
825 190 929 241 ὅμως
954 191 1187 236 ἀπόλλυται,

303 256 468 307 Φαίδρα·
505 255 549 295 τὸ
574 257 648 309 γὰρ
672 256 784 307 τῆσδ’
809 257 853 296 οὐ
877 255 1108 309 προτιμήσω
1135 257 1254 298 κακὸν

302 322 347 362 τὸ
369 322 422 373 μὴ
447 322 491 362 οὐ
516 326 741 376 παρασχεῖν
765 323 855 365 τοὺς
879 323 996 374 ἐμοὺς
1020 324 1186 377 ἐχθροὺς
1211 324 1298 375 ἐμοὶ

303 390 414 440 δίκην
437 389 633 440 τοσαύτην
658 389 755 429 ὥστ’
780 391 866 441 ἐμοὶ
893 393 1022 432 καλῶς
1048 391 1167 443 ἔχειν.
1490 405 1531 436 50

370 455 475 502 ἀλλ’,
502 456 643 509 εἰσορῶ
669 457 743 509 γὰρ
767 457 880 497 τόνδε
905 459 1024 497 παῖδα
1050 456 1221 508 Θησέως

302 523 529 576 στείχοντα,
558 521 677 575 θήρας
700 523 851 577 μόχθον
877 525 1151 570 ἐκλελοιπότα,

302 589 553 636 Ἱππόλυτον,
582 589 656 641 ἔξω
682 593 805 631 τῶνδε
828 589 1011 642 βήσομαι
1035 591 1179 632 τόπων.

301 656 426 698 πολὺς
450 655 483 696 δ’
510 655 575 707 ἅμ’
599 657 701 712 αὐτῷ
727 659 968 710 προσπόλων
994 659 1237 701 ὀπισθόπους

302 727 429 775 κῶμος
452 722 635 771 λέλακεν,
660 723 847 776 ’Ἄρτεμιν
872 729 994 776 τιμῶν
1020 726 1113 765 θεὰν
1490 738 1529 769 55

301 791 498 842 ὕμνοισιν·
536 791 580 832 οὐ
605 793 680 844 γὰρ
705 791 776 831 οἶδ’
803 791 1054 847 ἀνεῳγμένας
1078 792 1205 834 πύλας

291 856 445 904 “Αιδου,
473 857 575 911 φάος
601 860 641 899 δὲ
666 859 852 900 λοίσθιον
877 858 1044 910 βλέπων
1068 859 1170 899 τόδε.

204 943 504 973 ΙΠΠΟΛΥΤΟΣ

369 1002 506 1044 ἕπεσθ’
532 1004 728 1045 ἀείδοντες
752 1004 899 1045 ἕπεσθε

368 1071 440 1110 τὰν
466 1069 564 1112 Διὸς
588 1070 772 1122 οὐρανίαν

365 1135 564 1189 ”Αρτεμιν,
593 1135 616 1192 ᾇ
639 1138 882 1189 μελόμεσθα.
1487 1142 1529 1173 60

201 1256 367 1286 ΧΟΡΟΣ
406 1256 655 1286 ΚΥΝΗΓΩΝ

366 1316 507 1357 πότνια
531 1315 672 1356 πότνια
698 1315 934 1367 σεμνοτάτα,

435 1382 563 1425 Ζανὸς
587 1381 791 1436 γένεθλον,

366 1453 492 1504 χαῖρε,
518 1449 632 1504 χαῖρέ
655 1467 734 1501 μοι,
762 1447 791 1489 ὦ
818 1450 912 1502 κόρα

367 1520 519 1559 Λατοῦς
535 1517 702 1569 ’Άρτεμι
727 1517 789 1557 καὶ
815 1516 925 1562 Διός,
1487 1520 1526 1561 65

368 1585 566 1625 καλλίστα
592 1584 695 1624 πολὺ
719 1582 936 1637 παρθένων,

366 1652 390 1692 ἃ
412 1651 539 1704 μέγαν
565 1651 648 1691 κατ’
674 1650 841 1703 οὐρανὸν

366 1720 487 1760 ναίεις
513 1717 766 1770 εὐπατέρειαν
791 1717 857 1758 αὗ-

365 1785 455 1832 λάν,
483 1785 610 1836 Ζηνὸς
635 1785 890 1838 πολύχρυσον
915 1784 1033 1825 οἶκον.

365 1851 481 1905 χαῖρέ
503 1851 582 1903 μοι,
610 1850 639 1892 ὦ
665 1853 864 1892 καλλίστα
889 1856 982 1891 καλ-
1485 1859 1528 1890 70

243 1944 286 1982 48
305 1945 404 1977 καλὸν
420 1944 456 1983 L,
471 1945 531 1975 sed
545 1952 567 1977 λ
580 1955 623 1975 ex
637 1957 656 1976 κ
668 1948 819 1975 correcto
910 1953 951 1982 50
971 1944 1057 1975 ὥστε
1069 1956 1122 1982 μοι
1138 1942 1169 1971 Μ
1182 1941 1211 1971 Α
1225 1942 1252 1972 Β
1343 1950 1384 1980 53
1403 1939 1526 1979 τόπων]

200 1987 305 2027 δόμων
337 1987 364 2018 Ρ
509 1998 550 2027 55
576 1989 646 2020 θεὸν
665 1988 730 2018 LP
873 1988 915 2026 56
940 1986 1103 2027 ἐῳὙμένας
1121 1985 1267 2023 Lenting
1408 1992 1447 2021 57
1474 1982 1526 2023 δὲ]

199 2044 236 2062 τε
256 2031 281 2060 L
425 2030 495 2062 Aut
511 2031 635 2069 βλέπον
651 2037 709 2062 aut
726 2030 842 2069 βλέπει
860 2031 891 2061 Α
907 2041 913 2060 :
939 2029 1013 2062 τόδε
1031 2030 1163 2066 βλέπων
1181 2028 1207 2058 L
1220 2028 1246 2058 P
1399 2027 1440 2064 58
1465 2027 1526 2057 ἀεί-

200 2077 310 2106 δοντες
339 2073 462 2104 M²LP
493 2075 541 2116 (M
574 2076 675 2106 etiam
705 2076 738 2105 in
765 2074 933 2113 Scholl.):
969 2074 1100 2105 ἄδοντες
1127 2072 1178 2102 vel
1209 2071 1341 2113 ᾄδοντες
1370 2069 1527 2100 MABV

197 2119 242 2148 60
268 2118 420 2157 Ἄρτεμιν
440 2118 490 2149 bis
510 2118 576 2149 LP
722 2120 761 2148 61
796 2122 931 2151 ΧΟΡΟΣ
955 2121 1148 2148 ΚΥΝΗΓΩΝ
1171 2115 1313 2154 scripsi:
1344 2114 1442 2155 χορὸς
1462 2115 1528 2145 τῶν

200 2163 348 2201 κυνηγῶν
365 2161 413 2192 D:
445 2161 542 2203 χορός
560 2162 592 2192 Μ
604 2161 674 2192 AB
686 2162 715 2192 V
729 2162 754 2192 L
766 2162 792 2192 P
810 2163 853 2200 (οἱ
874 2162 935 2193 ἀπὸ
957 2162 1015 2192 τοῦ
1036 2162 1134 2201 χοροῦ
1155 2160 1256 2199 ’ἤγουν
1272 2159 1302 2190 οἱ
1319 2156 1527 2196 συνεπόμενοι

200 2208 246 2245 τῷ
267 2204 448 2245 Ἱππολύτῳ
471 2205 644 2246 κυνηγέται
667 2206 808 2236 audiunt
831 2206 864 2235 in
887 2206 925 2243 Σ)
1105 2204 1148 2241 63
1181 2201 1271 2241 (nubs
1294 2201 1359 2232 LP
1379 2210 1465 2232 corr.
1492 2199 1528 2229 1⁴²

199 2248 240 2286 64
265 2248 312 2277 sic
335 2247 389 2277 A:
420 2248 514 2287 prius
537 2252 629 2290 χαῖρε
654 2259 716 2280 om.
747 2249 884 2279 MVB:
914 2246 1010 2289 χαῖρέ
1031 2261 1083 2287 μοι
1109 2246 1132 2277 ὦ
1161 2245 1238 2286 κόρα
1265 2245 1358 2285 χαῖρέ
1382 2258 1434 2283 μοι
1465 2243 1527 2273 LP

199 2293 241 2330 65
274 2290 342 2331 καὶ]
360 2291 484 2323 παῖἱε
515 2293 630 2324 corr.l
760 2293 800 2330 67
833 2302 902 2331 seq.
929 2292 948 2323 ἃ
970 2315 978 2322 .
1007 2290 1170 2322 ..ναίεις
1189 2288 1367 2319 MABV:
1399 2288 1430 2318 αἲ
1454 2310 1460 2316 .
1484 2310 1491 2317 .
1516 2310 1523 2317 .

202 2335 299 2366 ναίετ’
314 2335 339 2364 L
353 2335 379 2364 P
393 2347 400 2365 ε
433 2335 610 2376 αι”γλάεντα
627 2335 698 2367 κατ’
715 2337 847 2378 οὐρανὸν
857 2335 983 2370 “o-,sovzr’
1001 2333 1109 2364 Cobet
1276 2341 1315 2369 70
1348 2329 1525 2370 Hippolyti

201 2384 314 2409 notam
332 2378 435 2418 praef.
453 2379 484 2409 V
499 2384 532 2409 et
550 2379 664 2411 Haun.
