1683 2732
211 2145 273 2172 204
297 2133 336 2174 ἧν
353 2135 450 2166 codd.

170 2177 202 2208 M
216 2179 242 2208 L
255 2178 282 2209 B
296 2178 325 2209 O

170 2222 350 2260 legendum

169 2264 228 2296 Vv.
245 2275 322 2304 220,
337 2275 396 2296 221
418 2266 509 2297 delet
527 2265 644 2297 Hirzel

169 2308 240 2340 rell.

633 75 1031 112 ANAPOMAXH

275 181 400 222 Φθίας
426 179 635 231 τυράννους
659 181 787 225 ὄντας,
813 175 863 229 ἦν
888 178 938 218 σὺ
962 177 1014 229 μὴ
1040 178 1172 235 τέκῃς;

273 250 440 299 φιλοῦσι
462 246 539 299 γάρ
562 246 601 298 μ’
618 244 820 296 ’Έλληνες
837 244 1032 297 ’Ἐκτορός
1057 244 1090 284 τ’
1117 244 1212 292 &Cn-0,-

273 312 367 364 αὐτή
392 313 425 352 τ’
450 314 602 365 ἀμαυρὰ
628 312 695 353 κού
718 312 905 364 τύραννος
929 311 953 362 ἦ
978 315 1166 364 Φρυγῶν,·

273 380 341 420 οὐκ
368 377 415 429 ἐξ
435 381 538 431 ἐμῶν
563 396 612 421 σε
636 378 854 431 φαρμάκων
880 382 1023 431 στυγεῖ
1044 379 1174 425 πόσις,

273 445 364 486 ἀλλ’
390 447 423 486 εἷ
447 445 618 497 ξυνεῖναι
641 446 693 497 μὴ
719 445 913 497 ’πιτηδεία
939 449 1076 498 κυρεῖς.

272 514 441 565 φίλτρον
466 515 507 554 δὲ
535 514 596 553 καὶ
622 512 716 553 τόδ’·
754 512 799 553 οὐ
821 512 867 553 τὸ
892 512 1052 559 κάλλος,
1081 510 1109 552 ὦ
1135 512 1262 565 γύναι,

271 579 363 619 ἀλλ’
388 580 522 631 ἀρεταὶ
545 579 734 631 τέρπουσι
759 580 849 622 τοὺς
875 578 1118 630 ξυνευνέτας.

271 646 320 686 σὺ
346 645 377 686 δ’
403 645 450 697 ἥν
475 663 512 686 τι
537 646 709 701 κνισθῇς,
737 647 759 698 ἡ
784 646 962 686 Λάκαινα
986 648 1058 697 μὲν
1083 646 1198 687 πόλις

269 711 356 764 μέγ’
384 713 483 758 ἐστί,
510 711 580 762 τὴν
605 715 647 753 δὲ
672 716 822 764 Σκῦρον
847 713 1017 763 οὐδαμοῦ
1041 713 1164 762 τίθης·

270 782 452 820 πλουτεῖς
478 777 510 818 δ’
536 780 579 819 ἐν
603 779 648 820 οὐ
673 783 902 819 πλουτοῦσι·
943 778 1156 820 Μενέλεως
1180 777 1224 818 δέ
1250 794 1315 817 σοι

268 844 409 894 μείζων
434 843 668 898 Ἀχιλλέως.
739 844 859 885 ταῦτά
882 846 947 886 τοί
969 845 1007 885 σ’
1033 846 1142 898 ἔχθει
1168 845 1297 885 πόσις.

268 909 342 963 χρὴ
368 912 442 963 γὰρ
467 914 643 963 γυναῖκα,
674 911 745 951 κᾶν
770 916 872 966 κακῷ
898 911 1016 952 πόσει
1041 912 1147 967 δοθῇ,

269 975 463 1029 στέργειν,
491 976 664 1028 ἅμιλλάν
688 977 722 1017 τ’
748 978 816 1018 οὐκ
840 978 948 1031 ἔχειν
972 976 1240 1031 φρονήματος.

269 1044 304 1083 εἰ
328 1042 361 1083 δ’
387 1043 489 1096 ἀμφὶ
516 1045 677 1100 Θρῄκιην
702 1045 806 1098 χιόνι
830 1043 900 1094 τὴν
927 1043 1165 1097 κατάρρυτον

269 1110 459 1161 τύραννον
484 1110 603 1163 ἔσχες
628 1109 748 1162 ἄνδρ’,
775 1110 824 1151 ἵν’
851 1112 893 1151 ἐν
916 1110 1024 1163 μέρει
1047 1110 1169 1164 λέχος

269 1178 409 1217 δίδωσι
434 1180 603 1219 πολλαῖς
628 1178 684 1219 εἷς
708 1177 806 1230 ἀνὴρ
833 1178 1093 1229 κοινούμενος,

268 1243 441 1285 ἔκτεινας
466 1243 514 1284 ἂν
539 1243 671 1291 τάσδ’;
710 1243 779 1285 εἶτ’
805 1245 1029 1295 ἀπληστίαν
1053 1243 1197 1297 λέχους

269 1309 414 1352 πάσαις
440 1310 596 1362 γυναιξὶ
621 1310 867 1362 προστιθεῖσ’
891 1310 940 1352 ἂν
963 1310 1141 1363 ηὑρέθης.

267 1378 438 1431 αἰσχρόν
463 1394 521 1429 γε·
562 1379 686 1418 καίτοι
710 1377 856 1432 χείρον’
882 1377 1062 1430 ἀρσένων
1085 1378 1209 1418 νόσον

268 1443 411 1494 ταύτην
436 1447 642 1495 νοσοῦμεν,
671 1446 777 1484 ἀλλὰ
801 1445 1054 1496 προύστημεν
1080 1448 1219 1485 καλῶς.

334 1507 364 1549 ὦ
389 1510 552 1563 φίλταθ’
570 1509 730 1562 “Εκτορ,
759 1511 851 1550 ἀλλ’
877 1512 954 1563 ἐγὼ
979 1510 1050 1560 τὴν
1076 1510 1152 1560 σὴν
1177 1509 1294 1563 χάριν

269 1577 335 1617 σοὶ
360 1576 422 1616 καὶ
447 1575 635 1629 ξυνήρων,
664 1578 700 1617 εἴ
721 1578 761 1618 τί
784 1594 833 1618 σε
857 1577 1041 1629 σφάλλοι
1067 1577 1228 1628 Κύπρις,

269 1643 332 1683 καὶ
355 1642 508 1694 μαστὸν
532 1643 605 1694 ἤδη
630 1644 824 1685 πολλάκις
849 1645 1004 1684 νόθοισι
1030 1647 1116 1685 σοῖς

269 1708 456 1762 ἐπέσχον,
483 1710 547 1750 ἵνα
574 1727 640 1749 σοι
665 1712 787 1761 μηδὲν
812 1711 967 1761 ἐνδοίην
990 1710 1144 1762 πικρόν.

267 1775 331 1815 καὶ
355 1779 474 1816 ταῦτα
499 1779 632 1828 δρῶσα
657 1777 704 1832 τῇ
730 1777 851 1833 ἀρετῇ
872 1776 1132 1829 προσηγόμην

263 1842 397 1883 πόσιν·
435 1841 486 1883 σὺ
510 1841 543 1883 δ’
569 1843 656 1884 οὐδὲ
680 1843 803 1895 ῥανίδ’
828 1844 1034 1895 ὑπαιθρίας
1059 1844 1205 1895 δρόσου

267 1913 320 1963 τῷ
347 1913 404 1963 σῷ
431 1909 634 1961 προσίζειν
659 1909 770 1962 ἀνδρὶ
794 1909 1035 1961 δειμαίνουσ’
1060 1910 1138 1964 ε’ᾷς.

266 1974 318 2026 μὴ
343 1975 414 2026 τὴν
439 1979 631 2017 τεκοῦσαν
654 1976 701 2033 τῇ
725 1978 951 2031 φιλανδρίᾳ,
977 1976 1103 2029 γύναι,

270 2040 372 2092 ζήτει
396 2046 621 2093 παρελθεῖν·
658 2047 736 2084 τῶν
764 2047 891 2084 κακῶν
915 2045 990 2096 γὰρ
1014 2041 1192 2095 μητέρων

357 2319 420 2347 224
445 2308 521 2350 ἤδη]
541 2309 620 2349 αὐτὴ
639 2309 757 2342 Nauck
889 2320 954 2350 230
976 2311 1055 2352 γὰρ]
1074 2309 1108 2342 δὲ
1127 2309 1278 2348 Elmsley

1436 391 1498 423 205

1438 724 1499 745 210

1436 1057 1496 1087 215

1435 1389 1496 1411 220

1433 1720 1494 1750 225

1432 2054 1493 2085 230

606 2147 667 2176 217
694 2137 893 2177 κοινούμενος
910 2135 981 2166 AV
993 2136 1053 2169 ΡΣ
1072 2137 1168 2176 (κοιμ.
1189 2135 1245 2173 V²)
1261 2147 1268 2166 :
1301 2136 1491 2175 κοιμώμενος

502 2189 567 2211 220
598 2181 766 2222 ἀνθρώπων
784 2181 810 2211 L
823 2181 850 2211 B
863 2181 905 2211 O.
955 2180 1111 2210 Fortasse
1132 2179 1269 2221 αἰσχρόν
1283 2179 1331 2219 7’0
1359 2179 1425 2210 ἐπεὶ
1444 2179 1492 2209 κεί

441 2232 501 2253 221
528 2227 727 2264 προσταῖμεν
742 2224 918 2254 Hermann
934 2235 940 2253 ε
967 2224 1109 2254 sortasse
1126 2225 1186 2254 ποῦ
1199 2222 1260 2254 ’σθ’
1274 2222 1351 2261 ἡμῖν
1367 2224 1492 2257 καλῶς,-

770 2278 833 2307 223
859 2268 1003 2307 σφάλλοι
1020 2267 1052 2297 Α
1069 2271 1102 2297 et
1119 2266 1273 2305 primitus
1290 2265 1317 2295 L
1333 2275 1339 2296 :
1370 2264 1492 2305 σφάλοι
