1683 2732
671 75 919 112 ΜΗΔΕΙΑ

240 178 481 230 ἀνωλόλυξε,
510 181 599 231 πρίν
625 178 660 231 γ’
687 179 757 234 ὁρᾷ
781 181 843 219 διὰ
870 179 997 229 στόμα

240 250 444 300 χωροῦντα
467 245 608 287 λευκὸν
635 246 777 298 ἀφρόν,
803 245 988 296 ὀμμάτων
1014 244 1045 284 τ’
1071 244 1148 285 ἄπο

241 314 356 365 κόρας
382 312 650 365 στρέφουσαν,
679 310 774 362 αἷμά
798 311 831 350 τ’
858 311 926 351 οὐκ
953 311 1042 352 ἐνὸν
1067 310 1170 364 χροΐ·
1380 323 1458 354 1175

243 378 311 420 εἶτ’
337 381 580 430 ἀντίμολπον
605 378 698 429 ἧκεν
723 379 920 429 ὀλολυγῆς
943 377 1069 430 μέγαν

244 447 424 486 κωκυτόν.
497 445 608 487 εὐθὺς
632 445 664 485 δ’
689 443 711 495 ἢ
737 447 809 496 μὲν
835 446 874 486 ἐς
900 444 1044 496 πατρὸς
1069 444 1209 495 δόμους

243 513 437 564 ὥρμησεν,
464 510 488 562 ἢ
514 513 554 552 δὲ
580 511 675 563 πρὸς
700 511 768 552 τὸν
795 512 935 563 ἀρτίως
960 511 1092 557 πόσιν,

244 578 459 630 φράσουσα
483 579 638 631 νύμφης
663 577 887 630 συμφοράν·
925 576 1062 618 ἅπασα
1087 579 1128 617 δὲ

245 645 367 697 στέγη
393 649 601 686 πυκνοῖσιν
627 645 782 685 ἐκτύπει
807 643 1066 696 δρομήμασιν.
1384 647 1462 677 1180

311 710 382 761 ἤδη
409 709 442 750 δ’
468 709 645 750 ἀνέλκων
672 713 800 749 κῶλον
825 709 1041 760 ἔκπλεθρον
1067 709 1208 761 δρόμου

244 776 366 829 ταχὺς
389 775 584 827 βαδιστὴς
608 776 807 828 τερμόνων
831 774 879 816 ἂν
904 775 1062 826 ἥπτετο,

245 841 268 892 ἢ
295 842 327 882 δ’
356 841 401 893 ἐξ
422 843 587 883 ἀναύδου
613 842 674 882 καὶ
699 842 898 892 μύσαντος
923 843 1096 892 ὄμματος

247 908 376 949 δεινὸν
401 907 612 958 στενάξασ’
636 909 659 958 ἡ
685 907 836 948 τάλαιν’
862 907 1053 959 ἠγείρετο.

248 977 410 1015 διπλοῦν
435 976 509 1026 γὰρ
535 974 632 1030 αὐτῇ
656 973 749 1024 πῆμ’
776 974 1093 1025 ἐπεστρατεύετο·
1382 979 1465 1015 1185

248 1044 419 1093 χρυσοῦς
442 1042 515 1091 μὲν
540 1041 643 1092 ἀμφὶ
670 1040 778 1092 κρατὶ
803 1040 980 1091 κείμενος
1005 1040 1153 1081 πλόκος

248 1106 475 1157 θαυμαστὸν
501 1107 550 1146 ἵει
574 1108 678 1157 νᾶμα
702 1105 918 1158 παμφάγου
947 1107 1079 1158 πυρός,

250 1172 395 1213 πέπλοι
419 1174 460 1213 δὲ
484 1173 636 1218 λεπτοί,
665 1175 747 1212 σῶν
772 1171 918 1212 τέκνων
944 1171 1164 1224 δωρήματα,

249 1238 400 1289 λεπτὴν
425 1238 593 1279 ἕδαπτον
619 1238 748 1290 σάρκα
772 1240 840 1288 τῆς
865 1240 1135 1289 δυσδαίμονος.

251 1304 390 1357 φεύγει
414 1304 447 1344 δ’
475 1304 670 1345 ἀναστᾶσ’
697 1306 738 1345 ἐκ
764 1305 914 1356 θρόνων
941 1304 1174 1357 πυρουμένη,
1385 1316 1469 1348 1190

252 1372 418 1412 σείουσα
441 1372 585 1425 χαίτην
612 1370 732 1423 κρᾶτά
756 1370 788 1410 τ’
813 1370 949 1411 ἄλλοτ’
975 1370 1140 1417 ἄλλοσε,

248 1438 367 1490 ῥῖψαι
390 1436 565 1478 θέλουσα
590 1436 806 1490 στέφανον·
844 1437 935 1477 ἀλλ’
961 1437 1160 1489 ἀραρότως

251 1503 454 1555 σύνδεσμα
479 1503 628 1558 χρυσὸς
655 1504 751 1557 εἶχε,
779 1507 852 1557 πῦρ
879 1503 924 1550 δ’,
953 1503 1037 1544 ἐπεὶ
1064 1504 1185 1555 κόμην

249 1570 396 1615 ἔσεισε,
422 1573 580 1621 μᾶλλον
606 1570 662 1612 δὶς
687 1571 815 1612 τόσως
840 1569 1051 1621 ἐλάμπετο.

249 1637 375 1677 πίτνει
400 1636 432 1677 δ’
459 1637 498 1679 ἐς
528 1637 642 1678 οῧδας
669 1642 854 1692 συμφορᾷ
878 1636 1084 1688 νικωμένη,
1390 1650 1469 1681 1195

198 1738 209 1758 1
220 1738 279 1768 173
296 1729 368 1771 ὁρᾷ]
384 1731 459 1771 ὁρᾶν
473 1729 515 1760 Β2
597 1729 647 1761 διὰ
663 1729 733 1759 AV
746 1728 793 1758 B:
813 1730 894 1761 κατὰ
912 1729 938 1759 L
950 1729 975 1759 P
991 1729 1089 1763 (κατὰ
1102 1729 1138 1760 τὸ
1153 1727 1258 1767 στόμα
1272 1727 1421 1769 προϊόντα
1432 1732 1468 1760 Σῑ

155 1781 235 1811 1174
260 1773 288 1803 τ’
307 1773 333 1802 L
345 1773 388 1804 P:
414 1772 441 1804 δ’
459 1772 530 1802 AV
542 1772 568 1802 Β
655 1773 715 1804 ἄπο
733 1772 827 1802 codd.
845 1783 850 1801 z
877 1773 938 1804 ἀπὸ
956 1772 1072 1802 Heath
1202 1781 1284 1810 1179
1308 1770 1471 1812 συμφοράν

150 1819 176 1849 L
187 1818 233 1849 P:
259 1817 421 1858 συμφοράς
438 1817 469 1847 Α
480 1817 510 1847 V
521 1817 548 1848 Β
700 1817 782 1848 1180
806 1818 1005 1858 δραμήμασιν
1021 1816 1129 1848 Cobet
1277 1817 1370 1853 1181,
1392 1817 1472 1846 1182

150 1861 295 1892 Damnat
312 1862 352 1892 G.
374 1860 523 1891 Dindorf
612 1860 689 1890 1181
718 1859 862 1892 ἀνέλκων
878 1861 975 1891 codd.
989 1865 1020 1891 et
1038 1865 1061 1894 Σ
1078 1871 1085 1890 t
1110 1861 1148 1891 ἂν
1165 1858 1268 1891 ἕλκων
1285 1859 1451 1890 Schaefer
1467 1871 1473 1889 ε

148 1905 187 1936 ἂν
204 1903 305 1944 ἕρπων
321 1904 457 1934 Usener
546 1903 721 1944 ἔκπλεθρον
733 1902 802 1933 AV
814 1903 841 1933 Β
857 1903 917 1937 ΡΣ
933 1904 987 1945 (cs.
1001 1903 1121 1934 Galen.
1139 1903 1181 1932 de
1200 1912 1268 1933 san.
1285 1906 1330 1932 tu.
1347 1912 1377 1932 2.
1394 1902 1448 1941 10)
1466 1912 1472 1931 :

148 1947 323 1988 ἔκπλεθρον
336 1947 376 1979 L:
396 1945 572 1988 ἑκπλέθρου
584 1946 709 1977 Reiske
802 1957 815 1977 1
825 1947 884 1977 182
898 1949 937 1979 ἂν
947 1948 1068 1985 ἥπτετο
1082 1947 1278 1984 Musgrave:
1292 1945 1471 1982 ἀνθήπτετο

148 1990 246 2021 codd.
259 1994 348 2024 etz:
365 1990 405 2021 cf.
421 1989 469 2021 El.
483 1990 547 2028 824
561 1994 594 2020 et
609 1989 776 2029 Hippocr.
792 1997 895 2022 Διαιτ.
909 1993 958 2031 ὑγ.
972 2000 1000 2029 5.
1017 2001 1046 2029 p.
1063 1991 1106 2020 80
1119 1990 1213 2020 Littr.
1320 1988 1400 2027 1183
1419 1988 1471 2027 ὅμ-

150 2032 267 2073 ματος]
282 2033 408 2073 ὄμματα
421 2034 499 2064 Chr.
515 2033 585 2064 Pat.
600 2035 665 2072 906
796 2044 809 2064 1
819 2036 877 2072 184
902 2035 1051 2076 ἠγείρετο
1064 2034 1094 2064 Α
1105 2034 1135 2064 V
1147 2034 1174 2064 B
1189 2045 1195 2064 ε
1222 2034 1393 2066 ἀπώλλυτο
1408 2034 1434 2064 L
1447 2035 1473 2064 P

154 2077 238 2106 1186
253 2075 390 2117 πλόκος]
403 2075 521 2116 κόσμος
533 2077 563 2106 V
668 2078 749 2108 1188
767 2077 802 2109 δὲ
820 2077 846 2107 L
859 2077 907 2108 P:
931 2091 967 2109 τε
984 2077 1015 2107 Α
1026 2078 1056 2107 V
1068 2077 1094 2107 B
1202 2078 1284 2116 1189
1308 2078 1428 2115 λευκὴν
1445 2078 1471 2107 Β

152 2123 185 2149 et
199 2118 313 2150 Haun.
405 2122 488 2158 11'90
505 2119 636 2161 θρόνων]
649 2119 791 2160 δόμωνΑ
880 2131 892 2150 1
902 2130 958 2159 191
979 2120 1165 2152 ‹refouffavV
1253 2130 1265 2150 1
1276 2131 1334 2159 193
1352 2122 1471 2162 χρυσὸς

151 2162 248 2194 codd.
267 2166 301 2192 et
317 2166 361 2195 Σε
386 2165 528 2203 χρυσοῦν
546 2162 761 2194 Herwerden
911 2173 1004 2201 1193,
1027 2173 1107 2202 1194
1134 2164 1201 2195 ἐπεὶ
1220 2163 1318 2203 κόμης
1339 2164 1342 2204 Ι
1364 2165 1472 2195 ἔσεισε

150 2204 279 2243 μαλλόν
302 2205 444 2246 ΚνίςειΙε.
461 2206 518 2245 (cf.
542 2205 693 2245 Hesych.
717 2206 858 2246 μαλλός·
888 2207 926 2238 τὸ
949 2207 1043 2247 ἔριον·
1068 2207 1119 2238 καὶ
1143 2207 1162 2244 ἡ
1185 2207 1352 2246 καθειμένη
1374 2207 1470 2246 κόμη)

155 2257 233 2287 1194
265 2247 369 2280 τόσως
387 2248 413 2278 L
429 2258 435 2277 :
474 2248 581 2281 τόσων
599 2249 644 2279 Ρ;
677 2249 780 2282 τόσως
810 2248 839 2280 τ’
857 2249 887 2278 Α
903 2260 910 2278 2
941 2249 1045 2280 τόσως
1067 2248 1097 2280 τ’
1114 2249 1143 2279 V
1156 2250 1182 2279 Β
1199 2260 1205 2279 ;
1233 2250 1332 2282 τόσον
1349 2251 1377 2281 τ’
1397 2249 1437 2279 Β2
1454 2260 1472 2279 v

156 2300 237 2330 1195
254 2293 362 2323 πιτνεῖ
371 2292 397 2323 δ’
412 2293 442 2323 ἐς
454 2290 574 2322 AVB:
592 2292 701 2324 πίπτει
715 2292 741 2324 δ’
755 2293 802 2324 ἐπ’
817 2292 843 2322 L
854 2291 879 2321 P
892 2292 970 2322 Chr.
990 2292 1059 2323 Pat.
1076 2293 1158 2323 1086
