<?xml version="1.0" encoding="UTF-8"?>
<!DOCTYPE html PUBLIC "-//W3C//DTD XHTML 1.0 Transitional//EN"
    "http://www.w3.org/TR/xhtml1/DTD/xhtml1-transitional.dtd">
<html xmlns="http://www.w3.org/1999/xhtml" xml:lang="en" lang="en">
 <head>
  <title>
</title>
<meta http-equiv="Content-Type" content="text/html;charset=utf-8" />
  <meta name='ocr-system' content='tesseract 3.04.00' />
  <meta name='ocr-capabilities' content='ocr_page ocr_carea ocr_par ocr_line ocrx_word'/>
</head>
<body>
  <div class='ocr_page' id='page_1' title='image "./euripidisfabulae01euriuoft_0198.png"; bbox 0 0 1651 2780; ppageno 0'>
   <div class='ocr_carea' id='block_1_1' title="bbox 630 121 981 159">
    <p class='ocr_par' dir='ltr' id='par_1_1' title="bbox 630 121 981 159">
     <span class='ocr_line' id='line_1_1' title="bbox 630 121 981 159; baseline 0.003 -1"><span class='ocrx_word' id='word_1_1' title='bbox 630 121 981 159; x_wconf 68' lang='grc' dir='ltr'>ΕΥΡΙΠΙΔΟΥ</span> 
     </span>
    </p>
   </div>
   <div class='ocr_carea' id='block_1_2' title="bbox 233 222 1470 479">
    <p class='ocr_par' dir='ltr' id='par_1_2' title="bbox 234 222 1102 278">
     <span class='ocr_line' id='line_1_2' title="bbox 234 222 1102 278; baseline 0.003 -14"><span class='ocrx_word' id='word_1_2' title='bbox 234 223 340 271; x_wconf 80' lang='grc' dir='ltr'>ἀλλ’,</span> <span class='ocrx_word' id='word_1_3' title='bbox 367 222 397 264; x_wconf 72' lang='grc' dir='ltr'><em>ὦ</em></span> <span class='ocrx_word' id='word_1_4' title='bbox 423 224 572 277; x_wconf 81' lang='grc' dir='ltr'>γεραιά,</span> <span class='ocrx_word' id='word_1_5' title='bbox 600 229 715 278; x_wconf 85' lang='grc' dir='ltr'>χαῖρε</span> <span class='ocrx_word' id='word_1_6' title='bbox 742 224 804 265; x_wconf 84' lang='grc' dir='ltr'>καὶ</span> <span class='ocrx_word' id='word_1_7' title='bbox 827 225 1012 276; x_wconf 88' lang='grc' dir='ltr'>μέμνησό</span> <span class='ocrx_word' id='word_1_8' title='bbox 1035 243 1102 277; x_wconf 92' lang='grc' dir='ltr'>μοι</span> 
     </span>
    </p>

    <p class='ocr_par' dir='ltr' id='par_1_3' title="bbox 233 290 1080 346">
     <span class='ocr_line' id='line_1_3' title="bbox 233 290 1080 346; baseline 0.004 -15"><span class='ocrx_word' id='word_1_9' title='bbox 233 290 254 331; x_wconf 79' lang='grc' dir='ltr'>ὃ</span> <span class='ocrx_word' id='word_1_10' title='bbox 281 295 435 343; x_wconf 85' lang='grc' dir='ltr'>πρῶτον</span> <span class='ocrx_word' id='word_1_11' title='bbox 462 291 585 338; x_wconf 80' lang='grc' dir='ltr'>εἶπας,</span> <span class='ocrx_word' id='word_1_12' title='bbox 613 291 714 343; x_wconf 85' lang='grc' dir='ltr'>ἡνίκ’</span> <span class='ocrx_word' id='word_1_13' title='bbox 737 290 918 345; x_wconf 80' lang='grc' dir='ltr'>ἠρχόμην</span> <span class='ocrx_word' id='word_1_14' title='bbox 943 293 1080 346; x_wconf 85' lang='grc' dir='ltr'>λόγου,</span> 
     </span>
    </p>

    <p class='ocr_par' dir='ltr' id='par_1_4' title="bbox 233 357 1470 479">
     <span class='ocr_line' id='line_1_4' title="bbox 233 357 1470 414; baseline 0.001 -16"><span class='ocrx_word' id='word_1_15' title='bbox 233 359 520 411; x_wconf 84' lang='grc' dir='ltr'>ἐλευθερώσειν</span> <span class='ocrx_word' id='word_1_16' title='bbox 544 357 597 410; x_wconf 77' lang='grc' dir='ltr'>μ”</span> <span class='ocrx_word' id='word_1_17' title='bbox 635 360 678 400; x_wconf 86' lang='grc' dir='ltr'>ἐν</span> <span class='ocrx_word' id='word_1_18' title='bbox 704 360 745 400; x_wconf 83' lang='grc' dir='ltr'>δὲ</span> <span class='ocrx_word' id='word_1_19' title='bbox 772 362 854 401; x_wconf 84' lang='grc' dir='ltr'>τοῖς</span> <span class='ocrx_word' id='word_1_20' title='bbox 879 364 1052 401; x_wconf 81' lang='grc' dir='ltr'>τοιοῖσδε</span> <span class='ocrx_word' id='word_1_21' title='bbox 1076 360 1154 414; x_wconf 77' lang='grc' dir='ltr'>χρὴ</span> <span class='ocrx_word' id='word_1_22' title='bbox 1407 368 1470 409; x_wconf 84' lang='lat'>890</span> 
     </span>
     <span class='ocr_line' id='line_1_5' title="bbox 233 426 1050 479; baseline 0.002 -14"><span class='ocrx_word' id='word_1_23' title='bbox 233 426 405 478; x_wconf 77' lang='grc' dir='ltr'>ἀψευδὲς</span> <span class='ocrx_word' id='word_1_24' title='bbox 430 426 530 466; x_wconf 79' lang='grc' dir='ltr'>εἶναι</span> <span class='ocrx_word' id='word_1_25' title='bbox 555 430 663 466; x_wconf 85' lang='grc' dir='ltr'>τοῖσι</span> <span class='ocrx_word' id='word_1_26' title='bbox 687 427 884 478; x_wconf 80' lang='grc' dir='ltr'>γενναίοις</span> <span class='ocrx_word' id='word_1_27' title='bbox 910 428 1050 479; x_wconf 85' lang='grc' dir='ltr'>στόμα.</span> 
     </span>
    </p>
   </div>
   <div class='ocr_carea' id='block_1_3' title="bbox 134 531 1470 1122">
    <p class='ocr_par' dir='ltr' id='par_1_5' title="bbox 134 531 1469 588">
     <span class='ocr_line' id='line_1_6' title="bbox 134 531 1469 588; baseline 0.001 -15"><span class='ocrx_word' id='word_1_28' title='bbox 134 536 204 573; x_wconf 76' lang='grc' dir='ltr'>Χο.</span> <span class='ocrx_word' id='word_1_29' title='bbox 231 532 346 585; x_wconf 81' lang='grc' dir='ltr'>Ἐμοὶ</span> <span class='ocrx_word' id='word_1_30' title='bbox 371 532 491 587; x_wconf 80' lang='grc' dir='ltr'>χορὸς</span> <span class='ocrx_word' id='word_1_31' title='bbox 516 535 588 585; x_wconf 80' lang='grc' dir='ltr'>μὲν</span> <span class='ocrx_word' id='word_1_32' title='bbox 613 533 719 585; x_wconf 82' lang='grc' dir='ltr'>ἡδύς,</span> <span class='ocrx_word' id='word_1_33' title='bbox 748 535 781 574; x_wconf 83' lang='grc' dir='ltr'>εἰ</span> <span class='ocrx_word' id='word_1_34' title='bbox 806 534 938 586; x_wconf 83' lang='grc' dir='ltr'>λίγεια</span> <span class='ocrx_word' id='word_1_35' title='bbox 962 540 1038 575; x_wconf 92' lang='grc' dir='ltr'>λω-</span> <span class='ocrx_word' id='word_1_36' title='bbox 1314 531 1418 588; x_wconf 90' lang='grc' dir='ltr'>[στρ.</span> <span class='ocrx_word' id='word_1_37' title='bbox 1445 553 1469 575; x_wconf 91' lang='grc' dir='ltr'>α</span> 
     </span>
    </p>

    <p class='ocr_par' dir='ltr' id='par_1_6' title="bbox 367 596 820 654">
     <span class='ocr_line' id='line_1_7' title="bbox 367 596 820 654; baseline 0 -14"><span class='ocrx_word' id='word_1_38' title='bbox 367 604 435 641; x_wconf 84' lang='grc' dir='ltr'>τοῦ</span> <span class='ocrx_word' id='word_1_39' title='bbox 459 599 575 654; x_wconf 85' lang='grc' dir='ltr'>χάρις</span> <span class='ocrx_word' id='word_1_40' title='bbox 600 601 688 641; x_wconf 50' lang='grc' dir='ltr'>Ῠενι</span> <span class='ocrx_word' id='word_1_41' title='bbox 715 596 820 641; x_wconf 51' lang='grc' dir='ltr'>δαιΫ·</span> 
     </span>
    </p>

    <p class='ocr_par' dir='ltr' id='par_1_7' title="bbox 302 667 814 721">
     <span class='ocr_line' id='line_1_8' title="bbox 302 667 814 721; baseline 0 -13"><span class='ocrx_word' id='word_1_42' title='bbox 302 669 358 719; x_wconf 85' lang='grc' dir='ltr'>εἴη</span> <span class='ocrx_word' id='word_1_43' title='bbox 387 667 418 708; x_wconf 87' lang='grc' dir='ltr'>δ’</span> <span class='ocrx_word' id='word_1_44' title='bbox 445 668 602 721; x_wconf 80' lang='grc' dir='ltr'>εὔχαρις</span> <span class='ocrx_word' id='word_1_45' title='bbox 627 667 814 720; x_wconf 79' lang='grc' dir='ltr'>Ἀφροδί-</span> 
     </span>
    </p>

    <p class='ocr_par' dir='ltr' id='par_1_8' title="bbox 299 734 1468 921">
     <span class='ocr_line' id='line_1_9' title="bbox 299 734 1468 788; baseline -0.003 -13"><span class='ocrx_word' id='word_1_46' title='bbox 299 751 359 775; x_wconf 88' lang='grc' dir='ltr'>τα·</span> <span class='ocrx_word' id='word_1_47' title='bbox 397 734 565 787; x_wconf 86' lang='grc' dir='ltr'>τερπνὸν</span> <span class='ocrx_word' id='word_1_48' title='bbox 590 734 633 776; x_wconf 90' lang='grc' dir='ltr'>δέ</span> <span class='ocrx_word' id='word_1_49' title='bbox 656 752 693 775; x_wconf 90' lang='grc' dir='ltr'>τι</span> <span class='ocrx_word' id='word_1_50' title='bbox 721 735 781 775; x_wconf 87' lang='grc' dir='ltr'>καὶ</span> <span class='ocrx_word' id='word_1_51' title='bbox 808 736 940 788; x_wconf 80' lang='grc' dir='ltr'>φίλων</span> <span class='ocrx_word' id='word_1_52' title='bbox 965 734 1025 786; x_wconf 81' lang='grc' dir='ltr'>ἆρ’</span> <span class='ocrx_word' id='word_1_53' title='bbox 1407 742 1468 782; x_wconf 80' lang='lat'>895</span> 
     </span>
     <span class='ocr_line' id='line_1_10' title="bbox 367 801 731 856; baseline 0 -14"><span class='ocrx_word' id='word_1_54' title='bbox 367 802 551 856; x_wconf 82' lang='grc' dir='ltr'>εὐτυχίαν</span> <span class='ocrx_word' id='word_1_55' title='bbox 578 801 731 842; x_wconf 81' lang='grc' dir='ltr'>ἰδέσθαι</span> 
     </span>
     <span class='ocr_line' id='line_1_11' title="bbox 366 868 919 921; baseline 0.004 -13"><span class='ocrx_word' id='word_1_56' title='bbox 366 873 445 909; x_wconf 83' lang='grc' dir='ltr'>τῶν</span> <span class='ocrx_word' id='word_1_57' title='bbox 470 868 593 921; x_wconf 80' lang='grc' dir='ltr'>πάρος</span> <span class='ocrx_word' id='word_1_58' title='bbox 618 869 661 909; x_wconf 83' lang='grc' dir='ltr'>οὐ</span> <span class='ocrx_word' id='word_1_59' title='bbox 687 870 919 910; x_wconf 86' lang='grc' dir='ltr'>δοκούντων.</span> 
     </span>
    </p>

    <p class='ocr_par' dir='ltr' id='par_1_9' title="bbox 433 937 668 988">
     <span class='ocr_line' id='line_1_12' title="bbox 433 937 668 988; baseline -0.009 -11"><span class='ocrx_word' id='word_1_60' title='bbox 433 937 567 977; x_wconf 70' lang='grc' dir='ltr'>πολλὰ</span> <span class='ocrx_word' id='word_1_61' title='bbox 595 938 668 988; x_wconf 66' lang='grc' dir='ltr'>’γὰρ</span> 
     </span>
    </p>

    <p class='ocr_par' dir='ltr' id='par_1_10' title="bbox 299 1004 848 1054">
     <span class='ocr_line' id='line_1_13' title="bbox 299 1004 848 1054; baseline -0.002 -11"><span class='ocrx_word' id='word_1_62' title='bbox 299 1004 421 1043; x_wconf 82' lang='grc' dir='ltr'>τίκτει</span> <span class='ocrx_word' id='word_1_63' title='bbox 447 1006 581 1054; x_wconf 79' lang='grc' dir='ltr'>Μοῖρα</span> <span class='ocrx_word' id='word_1_64' title='bbox 605 1004 848 1043; x_wconf 84' lang='grc' dir='ltr'>τελεσσιδώ-</span> 
     </span>
    </p>

    <p class='ocr_par' dir='ltr' id='par_1_11' title="bbox 367 1069 1470 1122">
     <span class='ocr_line' id='line_1_14' title="bbox 367 1069 1470 1122; baseline -0.003 -12"><span class='ocrx_word' id='word_1_65' title='bbox 367 1069 461 1121; x_wconf 88' lang='grc' dir='ltr'>τειρ’</span> <span class='ocrx_word' id='word_1_66' title='bbox 488 1070 595 1110; x_wconf 83' lang='grc' dir='ltr'>Αἰών</span> <span class='ocrx_word' id='word_1_67' title='bbox 620 1086 663 1110; x_wconf 86' lang='grc' dir='ltr'>τε</span> <span class='ocrx_word' id='word_1_68' title='bbox 687 1070 845 1122; x_wconf 83' lang='grc' dir='ltr'>Χρόνου</span> <span class='ocrx_word' id='word_1_69' title='bbox 870 1074 973 1111; x_wconf 84' lang='grc' dir='ltr'>παῖς.</span> <span class='ocrx_word' id='word_1_70' title='bbox 1406 1085 1470 1116; x_wconf 90' lang='lat'>900</span> 
     </span>
    </p>
   </div>
   <div class='ocr_carea' id='block_1_4' title="bbox 234 1173 1470 1763">
    <p class='ocr_par' dir='ltr' id='par_1_12' title="bbox 234 1173 1470 1231">
     <span class='ocr_line' id='line_1_15' title="bbox 234 1173 1470 1231; baseline 0.002 -14"><span class='ocrx_word' id='word_1_71' title='bbox 234 1177 338 1229; x_wconf 81' lang='grc' dir='ltr'>ἔχεις</span> <span class='ocrx_word' id='word_1_72' title='bbox 365 1177 456 1217; x_wconf 88' lang='grc' dir='ltr'>ὁδόν</span> <span class='ocrx_word' id='word_1_73' title='bbox 481 1176 568 1224; x_wconf 86' lang='grc' dir='ltr'>τιν’,</span> <span class='ocrx_word' id='word_1_74' title='bbox 594 1175 623 1217; x_wconf 75' lang='grc' dir='ltr'><em>ὦ</em></span> <span class='ocrx_word' id='word_1_75' title='bbox 651 1178 779 1223; x_wconf 81' lang='grc' dir='ltr'>πόλις,</span> <span class='ocrx_word' id='word_1_76' title='bbox 807 1175 1063 1217; x_wconf 80' lang='grc' dir='ltr'>δίκαιον-οὐ</span> <span class='ocrx_word' id='word_1_77' title='bbox 1315 1173 1418 1231; x_wconf 85' lang='grc' dir='ltr'>[ἀντ.</span> <span class='ocrx_word' id='word_1_78' title='bbox 1445 1195 1470 1218; x_wconf 92' lang='grc' dir='ltr'>α</span> 
     </span>
    </p>

    <p class='ocr_par' dir='ltr' id='par_1_13' title="bbox 367 1242 974 1297">
     <span class='ocr_line' id='line_1_16' title="bbox 367 1242 974 1297; baseline 0 -13"><span class='ocrx_word' id='word_1_79' title='bbox 367 1242 443 1297; x_wconf 86' lang='grc' dir='ltr'>χρή</span> <span class='ocrx_word' id='word_1_80' title='bbox 469 1261 566 1285; x_wconf 85' lang='grc' dir='ltr'>ποτε</span> <span class='ocrx_word' id='word_1_81' title='bbox 589 1243 695 1285; x_wconf 80' lang='grc' dir='ltr'>τοῦδ’</span> <span class='ocrx_word' id='word_1_82' title='bbox 721 1243 974 1297; x_wconf 76' lang='grc' dir='ltr'>ἀφέσθαι,-</span> 
     </span>
    </p>

    <p class='ocr_par' dir='ltr' id='par_1_14' title="bbox 300 1307 979 1364">
     <span class='ocr_line' id='line_1_17' title="bbox 300 1307 979 1364; baseline 0.001 -14"><span class='ocrx_word' id='word_1_83' title='bbox 300 1314 416 1361; x_wconf 80' lang='grc' dir='ltr'>τιμᾶν</span> <span class='ocrx_word' id='word_1_84' title='bbox 441 1312 563 1354; x_wconf 85' lang='grc' dir='ltr'>θεούς·</span> <span class='ocrx_word' id='word_1_85' title='bbox 605 1312 624 1351; x_wconf 88' lang='grc' dir='ltr'><em>ὁ</em></span> <span class='ocrx_word' id='word_1_86' title='bbox 649 1307 726 1364; x_wconf 75' lang='grc' dir='ltr'>(δὲ&gt;</span> <span class='ocrx_word' id='word_1_87' title='bbox 750 1310 802 1363; x_wconf 89' lang='grc' dir='ltr'>μή</span> <span class='ocrx_word' id='word_1_88' title='bbox 828 1328 877 1352; x_wconf 88' lang='grc' dir='ltr'>σε</span> <span class='ocrx_word' id='word_1_89' title='bbox 902 1310 979 1364; x_wconf 86' lang='grc' dir='ltr'>φά-</span> 
     </span>
    </p>

    <p class='ocr_par' dir='ltr' id='par_1_15' title="bbox 302 1378 1469 1566">
     <span class='ocr_line' id='line_1_18' title="bbox 302 1378 920 1431; baseline 0.006 -14"><span class='ocrx_word' id='word_1_90' title='bbox 302 1394 409 1418; x_wconf 86' lang='grc' dir='ltr'>σκων</span> <span class='ocrx_word' id='word_1_91' title='bbox 435 1378 553 1431; x_wconf 81' lang='grc' dir='ltr'>ἐγγὺς</span> <span class='ocrx_word' id='word_1_92' title='bbox 576 1382 726 1430; x_wconf 84' lang='grc' dir='ltr'>μανιῶν</span> <span class='ocrx_word' id='word_1_93' title='bbox 751 1379 920 1426; x_wconf 82' lang='grc' dir='ltr'>ἐλαύνει,</span> 
     </span>
     <span class='ocr_line' id='line_1_19' title="bbox 367 1445 1469 1500; baseline 0.004 -15"><span class='ocrx_word' id='word_1_94' title='bbox 367 1445 627 1496; x_wconf 83' lang='grc' dir='ltr'>δεικνυμένων</span> <span class='ocrx_word' id='word_1_95' title='bbox 653 1445 835 1500; x_wconf 83' lang='grc' dir='ltr'>ἐλέγχων</span> <span class='ocrx_word' id='word_1_96' title='bbox 1405 1458 1469 1491; x_wconf 86' lang='grc'>905</span> 
     </span>
     <span class='ocr_line' id='line_1_20' title="bbox 367 1512 894 1566; baseline 0.006 -15"><span class='ocrx_word' id='word_1_97' title='bbox 367 1512 494 1552; x_wconf 84' lang='grc' dir='ltr'>τῶνδ’·</span> <span class='ocrx_word' id='word_1_98' title='bbox 531 1514 707 1564; x_wconf 85' lang='grc' dir='ltr'>ἐπίσημα</span> <span class='ocrx_word' id='word_1_99' title='bbox 733 1512 809 1566; x_wconf 83' lang='grc' dir='ltr'>γάρ</span> <span class='ocrx_word' id='word_1_100' title='bbox 831 1530 894 1554; x_wconf 87' lang='grc' dir='ltr'>τοι</span> 
     </span>
    </p>

    <p class='ocr_par' dir='ltr' id='par_1_16' title="bbox 435 1579 696 1632">
     <span class='ocr_line' id='line_1_21' title="bbox 435 1579 696 1632; baseline -0.004 -13"><span class='ocrx_word' id='word_1_101' title='bbox 435 1579 523 1621; x_wconf 82' lang='grc' dir='ltr'>θεὸς</span> <span class='ocrx_word' id='word_1_102' title='bbox 547 1596 696 1632; x_wconf 84' lang='grc' dir='ltr'>παραγ-</span> 
     </span>
    </p>

    <p class='ocr_par' dir='ltr' id='par_1_17' title="bbox 301 1646 894 1699">
     <span class='ocr_line' id='line_1_22' title="bbox 301 1646 894 1699; baseline 0.002 -13"><span class='ocrx_word' id='word_1_103' title='bbox 301 1646 453 1698; x_wconf 82' lang='grc' dir='ltr'>γέλλει,</span> <span class='ocrx_word' id='word_1_104' title='bbox 479 1651 557 1688; x_wconf 87' lang='grc' dir='ltr'>τῶν</span> <span class='ocrx_word' id='word_1_105' title='bbox 583 1648 728 1689; x_wconf 83' lang='grc' dir='ltr'>ἀδίκων</span> <span class='ocrx_word' id='word_1_106' title='bbox 754 1664 894 1699; x_wconf 87' lang='grc' dir='ltr'>παραι-</span> 
     </span>
    </p>

    <p class='ocr_par' dir='ltr' id='par_1_18' title="bbox 367 1709 840 1763">
     <span class='ocr_line' id='line_1_23' title="bbox 367 1709 840 1763; baseline 0.004 -13"><span class='ocrx_word' id='word_1_107' title='bbox 367 1714 447 1762; x_wconf 87' lang='grc' dir='ltr'>ρῶν</span> <span class='ocrx_word' id='word_1_108' title='bbox 472 1709 725 1763; x_wconf 84' lang='grc' dir='ltr'>φρονήματος</span> <span class='ocrx_word' id='word_1_109' title='bbox 752 1711 840 1752; x_wconf 82' lang='grc' dir='ltr'>αἰεί.</span> 
     </span>
    </p>
   </div>
   <div class='ocr_carea' id='block_1_5' title="bbox 301 1815 1468 2005">
    <p class='ocr_par' dir='ltr' id='par_1_19' title="bbox 301 1815 1468 2005">
     <span class='ocr_line' id='line_1_24' title="bbox 302 1815 1468 1872; baseline 0.002 -15"><span class='ocrx_word' id='word_1_110' title='bbox 302 1817 413 1858; x_wconf 83' lang='grc' dir='ltr'>ἔστιν</span> <span class='ocrx_word' id='word_1_111' title='bbox 439 1819 482 1858; x_wconf 85' lang='grc' dir='ltr'>ἐν</span> <span class='ocrx_word' id='word_1_112' title='bbox 507 1817 657 1872; x_wconf 80' lang='grc' dir='ltr'>οὐρανῷ</span> <span class='ocrx_word' id='word_1_113' title='bbox 682 1821 811 1869; x_wconf 81' lang='grc' dir='ltr'>βεβα-</span> <span class='ocrx_word' id='word_1_114' title='bbox 1306 1815 1411 1872; x_wconf 87' lang='grc' dir='ltr'>[στρ.</span> <span class='ocrx_word' id='word_1_115' title='bbox 1437 1823 1468 1869; x_wconf 88' lang='grc' dir='ltr'>β</span> 
     </span>
     <span class='ocr_line' id='line_1_25' title="bbox 302 1882 1465 1938; baseline 0.001 -13"><span class='ocrx_word' id='word_1_116' title='bbox 302 1885 377 1927; x_wconf 82' lang='grc' dir='ltr'>κὼς</span> <span class='ocrx_word' id='word_1_117' title='bbox 402 1884 489 1927; x_wconf 79' lang='grc' dir='ltr'>τεὸς</span> <span class='ocrx_word' id='word_1_118' title='bbox 514 1885 642 1937; x_wconf 84' lang='grc' dir='ltr'>γόνος,</span> <span class='ocrx_word' id='word_1_119' title='bbox 671 1882 700 1924; x_wconf 72' lang='grc' dir='ltr'>ὦ</span> <span class='ocrx_word' id='word_1_120' title='bbox 725 1902 857 1938; x_wconf 90' lang='grc' dir='ltr'>γεραι-</span> <span class='ocrx_word' id='word_1_121' title='bbox 1405 1899 1465 1930; x_wconf 92' lang='lat'>911</span> 
     </span>
     <span class='ocr_line' id='line_1_26' title="bbox 301 1951 944 2005; baseline 0 -13"><span class='ocrx_word' id='word_1_122' title='bbox 301 1951 338 1992; x_wconf 84' lang='grc' dir='ltr'>ά·</span> <span class='ocrx_word' id='word_1_123' title='bbox 377 1952 517 2005; x_wconf 85' lang='grc' dir='ltr'>φεύγει</span> <span class='ocrx_word' id='word_1_124' title='bbox 540 1953 665 2004; x_wconf 89' lang='grc' dir='ltr'>λόγον</span> <span class='ocrx_word' id='word_1_125' title='bbox 693 1952 744 1994; x_wconf 83' lang='grc' dir='ltr'>ὡς</span> <span class='ocrx_word' id='word_1_126' title='bbox 769 1952 837 1992; x_wconf 86' lang='grc' dir='ltr'>τὸν</span> <span class='ocrx_word' id='word_1_127' title='bbox 856 1951 944 1993; x_wconf 72' lang='lat' dir='ltr'>‘&#39;Ac-</span> 
     </span>
    </p>
   </div>
   <div class='ocr_carea' id='block_1_6' title="bbox 131 2045 1467 2437">
    <p class='ocr_par' dir='ltr' id='par_1_20' title="bbox 131 2045 1467 2437">
     <span class='ocr_line' id='line_1_27' title="bbox 177 2045 1466 2087; baseline 0.002 -12"><span class='ocrx_word' id='word_1_128' title='bbox 177 2047 242 2076; x_wconf 87' lang='lat'>888</span> <span class='ocrx_word' id='word_1_129' title='bbox 257 2059 310 2086; x_wconf 87' lang='grc' dir='ltr'>μοι</span> <span class='ocrx_word' id='word_1_130' title='bbox 327 2046 474 2078; x_wconf 78' lang='lat' dir='ltr'><strong>Reiske:</strong></span> <span class='ocrx_word' id='word_1_131' title='bbox 494 2060 555 2086; x_wconf 87' lang='grc' dir='ltr'>μου</span> <span class='ocrx_word' id='word_1_132' title='bbox 569 2047 595 2077; x_wconf 88' lang='lat' dir='ltr'>L</span> <span class='ocrx_word' id='word_1_133' title='bbox 609 2046 634 2076; x_wconf 85' lang='lat' dir='ltr'>P</span> <span class='ocrx_word' id='word_1_134' title='bbox 751 2047 815 2085; x_wconf 85' lang='lat'>890</span> <span class='ocrx_word' id='word_1_135' title='bbox 833 2047 1062 2087; x_wconf 81' lang='grc' dir='ltr'>ἐλευθερώσειν</span> <span class='ocrx_word' id='word_1_136' title='bbox 1075 2045 1207 2077; x_wconf 86' lang='lat' dir='ltr'>Porson</span> <span class='ocrx_word' id='word_1_137' title='bbox 1224 2057 1231 2077; x_wconf 76' lang='lat' dir='ltr'>t</span> <span class='ocrx_word' id='word_1_138' title='bbox 1249 2045 1466 2086; x_wconf 81' lang='grc' dir='ltr'>ἐλευθέρωσον</span> 
     </span>
     <span class='ocr_line' id='line_1_28' title="bbox 134 2089 1467 2131; baseline 0.001 -12"><span class='ocrx_word' id='word_1_139' title='bbox 134 2089 200 2119; x_wconf 88' lang='lat' dir='ltr'>LP</span> <span class='ocrx_word' id='word_1_140' title='bbox 388 2091 451 2129; x_wconf 89' lang='lat'>892</span> <span class='ocrx_word' id='word_1_141' title='bbox 476 2091 536 2128; x_wconf 82' lang='grc' dir='ltr'>ἡδὺ</span> <span class='ocrx_word' id='word_1_142' title='bbox 558 2091 609 2122; x_wconf 79' lang='grc' dir='ltr'>καὶ</span> <span class='ocrx_word' id='word_1_143' title='bbox 632 2090 741 2131; x_wconf 76' lang='grc' dir='ltr'>λίγεια</span> <span class='ocrx_word' id='word_1_144' title='bbox 764 2090 882 2129; x_wconf 86' lang='lat' dir='ltr'>Haupt</span> <span class='ocrx_word' id='word_1_145' title='bbox 1062 2090 1127 2129; x_wconf 82' lang='lat'>893</span> <span class='ocrx_word' id='word_1_146' title='bbox 1153 2089 1218 2129; x_wconf 82' lang='grc' dir='ltr'>δαι]</span> <span class='ocrx_word' id='word_1_147' title='bbox 1237 2090 1322 2122; x_wconf 84' lang='grc' dir='ltr'>δαιτί</span> <span class='ocrx_word' id='word_1_148' title='bbox 1339 2090 1467 2120; x_wconf 83' lang='lat' dir='ltr'>Canter</span> 
     </span>
     <span class='ocr_line' id='line_1_29' title="bbox 131 2133 1467 2176; baseline 0.001 -12"><span class='ocrx_word' id='word_1_149' title='bbox 131 2136 194 2174; x_wconf 79' lang='lat'>895</span> <span class='ocrx_word' id='word_1_150' title='bbox 220 2135 265 2176; x_wconf 80' lang='grc' dir='ltr'>ἄρ’</span> <span class='ocrx_word' id='word_1_151' title='bbox 286 2134 351 2164; x_wconf 91' lang='lat' dir='ltr'>LP</span> <span class='ocrx_word' id='word_1_152' title='bbox 461 2135 526 2174; x_wconf 90' lang='grc'>899</span> <span class='ocrx_word' id='word_1_153' title='bbox 550 2133 791 2172; x_wconf 77' lang='grc' dir='ltr'>τελεσιδώτειρ’</span> <span class='ocrx_word' id='word_1_154' title='bbox 812 2134 859 2164; x_wconf 87' lang='lat' dir='ltr'>L:</span> <span class='ocrx_word' id='word_1_155' title='bbox 885 2133 1146 2176; x_wconf 79' lang='grc' dir='ltr'>τελευσιδώτειρ’</span> <span class='ocrx_word' id='word_1_156' title='bbox 1165 2134 1210 2166; x_wconf 88' lang='grc' dir='ltr'>Ρ;</span> <span class='ocrx_word' id='word_1_157' title='bbox 1237 2145 1320 2165; x_wconf 83' lang='lat' dir='ltr'>corr.</span> <span class='ocrx_word' id='word_1_158' title='bbox 1340 2134 1467 2166; x_wconf 88' lang='lat' dir='ltr'>Aldina</span> 
     </span>
     <span class='ocr_line' id='line_1_30' title="bbox 131 2177 1466 2219; baseline 0.002 -11"><span class='ocrx_word' id='word_1_159' title='bbox 131 2189 192 2217; x_wconf 87' lang='lat'>901</span> <span class='ocrx_word' id='word_1_160' title='bbox 221 2179 292 2219; x_wconf 83' lang='grc' dir='ltr'>ὅρον</span> <span class='ocrx_word' id='word_1_161' title='bbox 310 2178 459 2218; x_wconf 81' lang='lat' dir='ltr'>Camper</span> <span class='ocrx_word' id='word_1_162' title='bbox 559 2188 624 2217; x_wconf 81' lang='lat'>902</span> <span class='ocrx_word' id='word_1_163' title='bbox 648 2177 735 2210; x_wconf 79' lang='grc' dir='ltr'>τοῦδ’</span> <span class='ocrx_word' id='word_1_164' title='bbox 754 2177 781 2207; x_wconf 94' lang='lat' dir='ltr'><strong>L</strong></span> <span class='ocrx_word' id='word_1_165' title='bbox 794 2177 820 2207; x_wconf 90' lang='lat' dir='ltr'>P</span> <span class='ocrx_word' id='word_1_166' title='bbox 836 2188 843 2207; x_wconf 76' lang='lat' dir='ltr'>t</span> <span class='ocrx_word' id='word_1_167' title='bbox 867 2178 894 2209; x_wconf 80' lang='grc' dir='ltr'>δ’</span> <span class='ocrx_word' id='word_1_168' title='bbox 913 2183 971 2208; x_wconf 85' lang='lat' dir='ltr'>aut</span> <span class='ocrx_word' id='word_1_169' title='bbox 988 2177 1131 2208; x_wconf 81' lang='lat' dir='ltr'>sortasse</span> <span class='ocrx_word' id='word_1_170' title='bbox 1148 2177 1216 2210; x_wconf 82' lang='grc' dir='ltr'>τόδ’</span> <span class='ocrx_word' id='word_1_171' title='bbox 1234 2178 1248 2208; x_wconf 91' lang='lat' dir='ltr'><em>l</em></span> <span class='ocrx_word' id='word_1_172' title='bbox 1327 2177 1466 2219; x_wconf 80' lang='grc' dir='ltr'>ἀφέσθαι</span> 
     </span>
     <span class='ocr_line' id='line_1_31' title="bbox 133 2220 1466 2263; baseline 0.001 -12"><span class='ocrx_word' id='word_1_173' title='bbox 133 2221 351 2252; x_wconf 79' lang='lat' dir='ltr'>Herwerden</span> <span class='ocrx_word' id='word_1_174' title='bbox 368 2233 375 2252; x_wconf 76' lang='grc' dir='ltr'>ι</span> <span class='ocrx_word' id='word_1_175' title='bbox 400 2220 578 2262; x_wconf 83' lang='grc' dir='ltr'>ἀφελέσθαι</span> <span class='ocrx_word' id='word_1_176' title='bbox 598 2222 624 2251; x_wconf 94' lang='lat' dir='ltr'><strong>L</strong></span> <span class='ocrx_word' id='word_1_177' title='bbox 638 2222 663 2251; x_wconf 83' lang='lat' dir='ltr'>P</span> <span class='ocrx_word' id='word_1_178' title='bbox 817 2231 882 2260; x_wconf 82' lang='lat'>903</span> <span class='ocrx_word' id='word_1_179' title='bbox 908 2220 943 2253; x_wconf 84' lang='grc' dir='ltr'>δὲ</span> <span class='ocrx_word' id='word_1_180' title='bbox 959 2221 1035 2251; x_wconf 86' lang='lat' dir='ltr'>add.</span> <span class='ocrx_word' id='word_1_181' title='bbox 1055 2221 1068 2251; x_wconf 91' lang='lat' dir='ltr'><em>l</em></span> <span class='ocrx_word' id='word_1_182' title='bbox 1176 2221 1231 2262; x_wconf 87' lang='grc' dir='ltr'>σε]</span> <span class='ocrx_word' id='word_1_183' title='bbox 1250 2230 1314 2263; x_wconf 84' lang='grc' dir='ltr'>σφε</span> <span class='ocrx_word' id='word_1_184' title='bbox 1331 2222 1466 2253; x_wconf 82' lang='lat' dir='ltr'>Verrall</span> 
     </span>
     <span class='ocr_line' id='line_1_32' title="bbox 131 2264 1465 2306; baseline 0.002 -11"><span class='ocrx_word' id='word_1_185' title='bbox 131 2276 195 2304; x_wconf 88' lang='lat'>904</span> <span class='ocrx_word' id='word_1_186' title='bbox 211 2268 327 2304; x_wconf 77' lang='grc' dir='ltr'>μανιᾶν</span> <span class='ocrx_word' id='word_1_187' title='bbox 341 2265 492 2305; x_wconf 77' lang='lat' dir='ltr'>Elmsley</span> <span class='ocrx_word' id='word_1_188' title='bbox 582 2266 647 2304; x_wconf 88' lang='lat'>906</span> <span class='ocrx_word' id='word_1_189' title='bbox 662 2265 804 2304; x_wconf 84' lang='grc' dir='ltr'>ἐπίσημα</span> <span class='ocrx_word' id='word_1_190' title='bbox 819 2265 840 2295; x_wconf 94' lang='lat' dir='ltr'>l:</span> <span class='ocrx_word' id='word_1_191' title='bbox 858 2264 1042 2303; x_wconf 80' lang='grc' dir='ltr'>ἐπισήματα</span> <span class='ocrx_word' id='word_1_192' title='bbox 1053 2264 1079 2294; x_wconf 90' lang='lat' dir='ltr'>L</span> <span class='ocrx_word' id='word_1_193' title='bbox 1090 2265 1116 2295; x_wconf 90' lang='lat' dir='ltr'>P</span> <span class='ocrx_word' id='word_1_194' title='bbox 1204 2276 1269 2305; x_wconf 90' lang='lat'>909</span> <span class='ocrx_word' id='word_1_195' title='bbox 1286 2265 1465 2306; x_wconf 80' lang='grc' dir='ltr'>φρονήματ’</span> 
     </span>
     <span class='ocr_line' id='line_1_33' title="bbox 132 2308 1465 2350; baseline -0.002 -9"><span class='ocrx_word' id='word_1_196' title='bbox 132 2311 162 2341; x_wconf 86' lang='grc' dir='ltr'>ἐς</span> <span class='ocrx_word' id='word_1_197' title='bbox 181 2310 241 2341; x_wconf 80' lang='grc' dir='ltr'>αἰεί</span> <span class='ocrx_word' id='word_1_198' title='bbox 258 2308 441 2340; x_wconf 79' lang='lat' dir='ltr'>Wecklein</span> <span class='ocrx_word' id='word_1_199' title='bbox 615 2317 676 2348; x_wconf 85' lang='lat'>911</span> <span class='ocrx_word' id='word_1_200' title='bbox 703 2309 775 2340; x_wconf 81' lang='grc' dir='ltr'>τεὸς</span> <span class='ocrx_word' id='word_1_201' title='bbox 793 2308 991 2348; x_wconf 83' lang='lat' dir='ltr'><strong>Stephanus</strong></span> <span class='ocrx_word' id='word_1_202' title='bbox 1012 2309 1060 2341; x_wconf 87' lang='lat' dir='ltr'>(et</span> <span class='ocrx_word' id='word_1_203' title='bbox 1078 2318 1163 2340; x_wconf 87' lang='lat' dir='ltr'>corr.</span> <span class='ocrx_word' id='word_1_204' title='bbox 1181 2319 1296 2349; x_wconf 84' lang='lat' dir='ltr'>apogr.</span> <span class='ocrx_word' id='word_1_205' title='bbox 1317 2309 1440 2350; x_wconf 82' lang='lat' dir='ltr'>Paris.)</span> <span class='ocrx_word' id='word_1_206' title='bbox 1458 2320 1465 2339; x_wconf 74' lang='lat' dir='ltr'><strong><em>z</em></strong></span> 
     </span>
     <span class='ocr_line' id='line_1_34' title="bbox 131 2351 1464 2395; baseline 0.002 -12"><span class='ocrx_word' id='word_1_207' title='bbox 131 2354 200 2385; x_wconf 81' lang='grc' dir='ltr'>θεὸς</span> <span class='ocrx_word' id='word_1_208' title='bbox 225 2352 308 2384; x_wconf 85' lang='lat' dir='ltr'>LP:</span> <span class='ocrx_word' id='word_1_209' title='bbox 343 2354 411 2385; x_wconf 80' lang='grc' dir='ltr'>θεὸς</span> <span class='ocrx_word' id='word_1_210' title='bbox 434 2351 535 2395; x_wconf 80' lang='grc' dir='ltr'>(σὸς)</span> <span class='ocrx_word' id='word_1_211' title='bbox 561 2351 811 2383; x_wconf 85' lang='lat' dir='ltr'>VVilamowitz:</span> <span class='ocrx_word' id='word_1_212' title='bbox 843 2354 859 2384; x_wconf 84' lang='grc' dir='ltr'><strong><em>ὖ</em></strong></span> <span class='ocrx_word' id='word_1_213' title='bbox 884 2353 939 2385; x_wconf 82' lang='grc' dir='ltr'>σὸς</span> <span class='ocrx_word' id='word_1_214' title='bbox 965 2351 1082 2384; x_wconf 88' lang='lat' dir='ltr'><strong>Nauck</strong></span> <span class='ocrx_word' id='word_1_215' title='bbox 1258 2363 1323 2393; x_wconf 87' lang='lat'>912</span> <span class='ocrx_word' id='word_1_216' title='bbox 1355 2353 1464 2394; x_wconf 82' lang='grc' dir='ltr'>φεύγω</span> 
     </span>
     <span class='ocr_line' id='line_1_35' title="bbox 132 2395 282 2437; baseline 0 -10"><span class='ocrx_word' id='word_1_217' title='bbox 132 2395 282 2437; x_wconf 83' lang='lat' dir='ltr'>Elmsley</span> 
     </span>
    </p>
   </div>
  </div>
 </body>
</html>
