1651 2780
633 133 980 171 ΕΥΡΙΠΙΔΟΥ

239 235 282 275 τὸ
307 238 380 286 μὲν
405 234 599 288 μέγιστον
626 236 724 278 Ζεὺς
752 236 815 289 ἐφ’
841 236 886 276 οὗ
913 236 962 276 σὺ
987 237 1139 288 βώμιος

241 305 373 344 θακεῖς
399 306 583 344 νεοσσῶν
608 302 715 353 τήνδ’
741 303 847 357 ἔχων
871 302 1104 356 πανήγυριν·

239 369 284 410 τὸ
311 369 504 423 συγγενές
529 387 571 411 τε
599 371 661 411 καὶ
687 370 731 410 τὸ
755 371 1016 423 προυφείλειν
1042 374 1171 413 καλῶς
1411 386 1473 417 240

239 436 439 489 πράσσειν
464 436 555 489 παρ’
581 437 691 487 ἡμῶν
715 437 858 478 τούσδε
883 436 1065 492 πατρῴαν
1090 437 1220 491 χάριν·

240 504 287 543 τό
310 504 344 544 τ’
371 505 553 557 αἰσχρόν,
582 503 701 556 οὗπερ
727 506 788 544 δεῖ
809 503 988 556 μάλιστα
1012 505 1238 558 φροντίσαι·

242 572 275 611 εἷ
300 573 376 623 γὰρ
401 570 567 624 παρήσω
594 571 709 611 τόνδε
737 574 938 611 συλᾶσθαι
963 572 1035 625 βίᾳ

240 636 354 688 ξένου
379 637 475 690 πρὸς
501 637 640 690 ἀνδρὸς
665 639 819 689 βωμόν,
846 638 913 678 οὐκ
941 638 1151 691 ἐλευθέραν

241 706 364 745 οἰκεῖν
389 703 545 755 δοκήσω
570 708 700 758 γαῖαν,
730 705 921 757 Ἀργείων
947 705 978 746 δ’
1004 707 1103 761 ὄκνῳ
1411 719 1471 751 245

244 770 372 814 ἱκέτας
397 775 622 825 προδοῦναι’
663 773 726 813 καὶ
752 772 835 812 τάδ’
862 773 1036 826 ἀγχόνης
1061 772 1196 816 πέλας.

244 838 335 879 ἀλλ’
362 839 516 891 ὤφελες
540 841 613 890 μὲν
640 839 922 893 εὐτυχέστερος
946 843 1098 890 μολεῖν,

243 906 347 956 ὅμως
371 908 413 947 δὲ
440 907 501 946 καὶ
527 909 595 946 νῦν
620 906 672 957 μὴ
700 906 843 962 τρέσῃς
870 907 975 948 ὅπως
1001 906 1048 947 σε’
1073 924 1130 948 τις

246 973 321 1013 σὺν
346 974 461 1013 παισὶ
486 976 626 1023 βωμοῦ
649 973 752 1013 τοῦδ’
780 973 1010 1014 ἀποσπάσει
1036 974 1121 1027 βίᾳ.

313 1039 363 1080 σὺ
388 1039 419 1079 δ’
442 1038 589 1092 ’Ἄργος
614 1040 743 1080 ἐλθὼν
768 1039 891 1079 ταῦτά
915 1039 948 1079 τ’
977 1040 1177 1091 Εὐρυσθεῖ
1198 1039 1370 1092 φράσον,
1413 1052 1476 1083 250

245 1106 342 1159 πρὸς
367 1105 500 1147 τοῖσδέ
525 1106 571 1152 τ’,
600 1108 636 1146 εἴ
657 1123 693 1146 τι
721 1105 864 1146 τοισίδ’
891 1107 1054 1158 ἐγκαλεῖ
1075 1105 1213 1157 ξένοις,

245 1174 353 1224 δίκης
380 1172 577 1225 κυρήσειν·
614 1173 758 1213 τούσδε
785 1172 817 1212 δ’
845 1172 911 1213 οὐκ
938 1171 1043 1223 ἄξεις
1067 1173 1175 1214 ποτέ.

148 1243 219 1290 Κη.
242 1240 309 1280 οὐκ
334 1236 382 1290 ἢν
408 1241 558 1280 δίκαιον
581 1238 604 1296 ᾗ
626 1256 663 1280 τι
689 1241 751 1280 καὶ
780 1244 872 1280 νικῶ
897 1241 1026 1295 λόγῳ;

149 1311 222 1357 Δη.
246 1306 308 1346 καὶ
334 1309 416 1348 πῶς
440 1308 589 1347 δίκαιον
614 1306 682 1347 τὸν
711 1306 842 1357 ἱκέτην
867 1306 977 1359 ἄγειν
1002 1309 1094 1361 βίῳ

151 1376 220 1424 Κη.
244 1374 313 1414 οὐκ
339 1372 407 1413 οὗν
433 1373 518 1424 ἐμοὶ
542 1372 623 1413 τόδ’
649 1374 831 1427 αἰσχρόν,
861 1373 952 1414 ἀλλ’
978 1371 1059 1425 <οὐ>
1086 1374 1151 1414 σοὶ
1174 1373 1356 1425 βλάβος;
1413 1386 1475 1416 255

150 1445 223 1491 Δη.
241 1439 332 1491 ἐμοί
354 1439 404 1492 γ’,
433 1439 500 1480 ἐάν
526 1457 591 1480 σοι
616 1439 750 1480 τούσδ’
778 1440 1021 1492 ἐφέλκεσθαι
1045 1443 1163 1491 μεθῶ.

150 1510 222 1558 Κη.
245 1507 296 1547 σὺ
322 1506 354 1547 δ’
381 1505 542 1559 ἐξόριζε,
572 1506 652 1562 κᾷτ’
681 1508 830 1548 ἐκεῖθεν
854 1506 1012 1558 ἄξομεν.

151 1578 226 1625 Δη.
248 1573 384 1616 σκαιὸς
409 1573 587 1626 πέφυκας
611 1576 678 1614 τοῦ
704 1576 795 1614 θεοῦ
820 1575 942 1615 πλείω
969 1577 1140 1626 φρονῶν.

152 1644 224 1691 Κη.
247 1640 361 1693 δεῦρ’,
389 1640 439 1682 ὡς
466 1640 579 1687 ἔοικε,
607 1643 688 1683 τοῖς
715 1644 871 1681 κακοῖσι
897 1641 1101 1694 φευκτέον.

153 1712 227 1759 Δη.
246 1707 374 1748 ἅπασι
399 1707 530 1748 κοινὸν
553 1708 655 1760 ῥῦμα
679 1708 873 1758 δαιμόνων
899 1708 1001 1760 ἕδρα.
1417 1711 1480 1743 260

153 1778 226 1825 Κη.
249 1774 354 1815 ταῦτ’
381 1774 424 1814 οὐ
450 1773 611 1824 δοκήσει
635 1777 717 1816 τοῖς
745 1776 986 1825 Μυκηναίοις
1011 1776 1119 1816 ἴσως.

154 1846 228 1892 Δη.
248 1841 315 1882 οὐκ
341 1841 408 1882 οὗν
434 1843 512 1894 ἐγὼ
537 1845 614 1882 τῶν
641 1840 769 1881 ἐνθάδ’
796 1843 873 1893 εἰμὶ
899 1843 1046 1893 κύριος;

155 1911 226 1959 Κη.
247 1908 442 1960 βλάπτων
469 1906 541 1961 <γ’>
569 1909 740 1951 ἐκείνους
763 1908 897 1960 μηδέν,
926 1906 973 1958 ἦν
999 1909 1048 1949 σὺ
1074 1913 1298 1966 σωφρονῇς.

155 1980 229 2026 Δη.
248 1975 487 2026 βλάπτεσθ’,
518 1976 612 2026 ἐμοῦ
635 1993 681 2028 γε
705 1975 757 2026 μὴ
782 1977 1009 2027 μιαίνοντος
1036 1976 1159 2018 θεούς.

197 2068 261 2107 238
293 2069 413 2108 βώμιος
440 2068 656 2108 Stephanus:
690 2068 828 2108 βωμίους
855 2068 919 2099 LP
1085 2077 1150 2107 239
1181 2067 1335 2109 ὁμήγυριν
1361 2066 1482 2098 Nauck

154 2122 217 2150 242
242 2112 286 2153 τ’]
307 2113 334 2144 δ’
352 2111 378 2142 Ρ
533 2122 595 2152 245
620 2113 776 2154 Ἀργείων
795 2112 951 2143 Dobree:
978 2112 1115 2154 ἀργείοις
1134 2111 1198 2142 LP
1288 2111 1370 2152 ὄκνῳ
1389 2109 1481 2141 Mus-

155 2165 276 2194 grave:
302 2155 384 2188 ὀκνῶ
403 2156 429 2186 L
443 2156 469 2186 P
584 2157 648 2194 246
671 2155 739 2187 τόδ’
759 2155 910 2196 Elmsley
1022 2165 1083 2194 247
1110 2154 1344 2196 εὐτυχέστερος
1361 2163 1478 2193 apogr.

157 2198 285 2229 Paris.:
319 2199 557 2241 εὐτυχέστερον
581 2200 646 2230 LP
807 2209 872 2239 249
897 2199 1071 2237 ἀποσπάση
1093 2198 1181 2228 LP:
1215 2208 1300 2228 corr.
1330 2197 1483 2237 Elmsley

155 2251 215 2281 251
243 2242 345 2274 τοῖσδ’
360 2243 503 2273 ἔτ’ᾙΡε
531 2253 615 2274 corr.
635 2243 814 2281 Musgrave
928 2252 991 2282 252
1015 2243 1165 2284 κυρήσειν
1179 2242 1309 2273 Bothe:
1335 2241 1483 2283 κυρήσειε

158 2286 203 2318 L:
228 2285 374 2327 κυρήσειε
390 2285 416 2316 Ρ
539 2296 601 2325 253
625 2284 696 2326 οὐκ]
711 2287 775 2318 οὐδ’
791 2286 911 2317 Nauck
999 2285 1045 2326 τι]
1060 2299 1097 2318 τε
1112 2285 1227 2316 Heath
1317 2293 1380 2324 255
1405 2284 1482 2316 ἀλλ’

157 2331 191 2361 οὐ
217 2328 422 2367 Musgrave:
455 2331 542 2362 ἀλλὰ
567 2330 593 2360 L
609 2330 634 2360 P
775 2331 826 2362 σοὶ
851 2334 1022 2360 corrector
1045 2340 1162 2369 apogr.
1191 2329 1320 2360 Paris.:
1354 2329 1393 2359 σὺ
1419 2327 1483 2358 LP

157 2373 220 2403 262
245 2375 309 2404 τῶν
328 2373 454 2404 Reiske
471 2385 477 2404 :
501 2377 566 2406 τῶν
582 2372 608 2405 δ’
626 2374 652 2403 L
664 2373 709 2404 P:
735 2375 799 2405 τῶν
815 2372 846 2414 γ’
865 2373 1094 2404 Wilamowitz
1266 2373 1330 2411 263
1353 2371 1386 2412 γ’
1403 2371 1477 2402 add.

159 2416 309 2455 Elmsley
415 2419 452 2448 ἂν
471 2417 495 2447 Ι.
508 2417 555 2447 Ρ;
580 2427 664 2448 corr.
688 2416 849 2447 Matthiae
