1651 2780
605 91 953 129 ΕΥΡΙΠΙΔΟΥ

206 199 422 248 -πληροῦσα
448 196 581 247 θυμόν.
655 200 781 237 θεοῖσι
808 196 840 236 δ’
866 197 931 237 ὧδ’
957 198 1040 250 ἔχει
1067 198 1198 248 νόμος·

215 262 341 304 οὐδεὶς
366 263 545 303 ἀπαντᾶν
570 263 761 314 βούλεται
786 264 982 317 προθυμίᾳ

212 334 260 385 τῇ
284 332 352 369 τοῦ
376 328 577 375 θέλοντος,
607 329 700 370 ἀλλ’
725 329 994 382 ἀφιστάμεσθ’
1019 331 1092 370 ἀεί.
1359 343 1441 376 1330

214 396 313 441 ἐπεί,
342 394 442 447 σάφ’
467 397 565 441 ἵσθι,
597 398 706 446 Ζῆνα
729 396 782 447 μὴ
809 396 1040 448 φοβουμένη

213 461 281 501 οὐκ
307 460 355 502 ἄν
379 461 465 502 ποτ’
490 461 616 511 ἦλθον
641 463 682 504 ἐς
705 462 786 503 τόδ’
811 463 1006 516 αἰσχύνης
1028 464 1107 515 ἐγὼ

214 527 308 567 ὥστ’
336 527 457 580 ἄνδρα
482 527 641 569 πάντων
667 530 863 582 φίλτατον
888 533 1046 581 βροτῶν
1070 531 1157 580 ἐμοὶ

213 596 348 635 θανεῖν
374 596 503 635 ἐᾶσαι.
576 595 646 645 τὴν
673 597 715 635 δὲ
740 595 817 646 σὴν
842 596 1034 648 ἁμαρτίαν

213 660 258 700 τὸ
283 660 334 711 μὴ
362 660 506 702 εἰδέναι
530 663 602 712 μὲν
629 665 783 714 πρῶτον
809 662 940 702 ἐκλύει
967 661 1098 712 κάκης·
1358 675 1438 707 1335

215 727 350 767 ἔπειτα
373 727 406 766 δ’
431 728 454 778 ἡ
481 728 644 768 θανοῦσ’
671 727 881 778 ἀνήλωσεν
906 728 1002 780 γυνὴ

213 794 347 845 λόγων
372 793 564 847 ἐλέγχους
589 795 695 836 ὥστε
718 795 795 844 σὴν
821 798 958 836 πεῖσαι
981 795 1121 848 φρένα.

279 859 457 911 μάλιστα
481 860 555 912 μέν
580 878 649 902 νυν
675 861 744 901 σοὶ
766 860 850 901 τάδ’
876 862 1046 914 ἔρρωγεν
1071 861 1181 908 κακά,

212 926 317 977 λύπη
343 928 386 967 δὲ
412 927 538 978 κάμοί·
577 928 668 969 τοὺς
693 929 770 979 γὰρ
794 927 977 978 εὐσεβεῖς
1001 930 1083 969 θεοὶ

214 994 458 1049 θνῄσκοντας
483 993 528 1033 οὐ
551 994 752 1046 χαίρουσι·
789 993 879 1035 τούς
904 1011 950 1045 γε
974 994 1052 1044 μὴν
1079 995 1218 1037 κακοὺς
1358 1008 1440 1040 1340

214 1059 344 1101 αὐτοῖς
368 1058 547 1100 τέκνοισι
573 1061 635 1100 καὶ
660 1060 794 1110 δόμοις
819 1058 1049 1111 ἐξόλλυμεν.

114 1161 185 1198 Χο.
282 1158 344 1198 καὶ
367 1157 446 1209 μὴν
470 1159 491 1198 ὁ
516 1158 640 1201 τάλας
664 1159 730 1199 ὅδε
756 1158 802 1209 δὴ
829 1160 992 1212 στείχει,

282 1223 432 1277 σάρκας
457 1226 597 1277 νεαρᾶς
622 1224 768 1276 ξανθόν
792 1241 835 1266 τε
861 1225 959 1278 κάρα

281 1293 569 1342 διαλυμανθείς.
592 1284 596 1288 ’
641 1290 670 1332 ὦ
696 1292 817 1334 πόνος
841 1293 970 1338 οἴκων,

282 1358 363 1397 οἷον
391 1358 555 1410 ἐκράνθη
582 1359 740 1409 δίδυμον
764 1358 975 1410 μελάθροις
1357 1372 1438 1405 1345

348 1423 492 1466 πένθος
517 1425 653 1465 θεόθεν
680 1426 943 1476 καταληπτόν.

116 1492 174 1530 Ιπ.
281 1491 367 1530 αἰαῖ
388 1492 481 1530 αἰαῖ·
563 1480 573 1485 “

282 1556 476 1606 δύστηνος
503 1557 592 1609 ἐγώ,
620 1558 765 1609 πατρὸς
792 1556 838 1607 ἐξ
860 1559 994 1599 ἀδίκου

281 1626 478 1676 χρησμοῖς
503 1624 649 1665 ἀδίκοις
669 1624 942 1674 διελυμάνθην.

351 1689 543 1729 ἀπόλωλα
568 1688 704 1735 τάλας,
733 1691 838 1740 οἴμοι
861 1707 940 1740 μοι.
1356 1703 1437 1735 1350

283 1754 346 1795 διά
369 1772 443 1806 μου
469 1757 647 1808 κεφαλῆς
674 1754 846 1810 ᾄσσουσ’
874 1756 1019 1801 ὀδύναι,

282 1822 379 1861 κατὰ
404 1821 438 1861 δ’
468 1822 695 1874 ἐγκέφαλον
724 1823 828 1876 πηδᾷ
854 1822 1071 1874 σφάκελος.

282 1887 392 1940 σχές,
419 1888 629 1941 ἀπειρηκὸς
655 1888 754 1939 σῶμ’
781 1889 1009 1929 ἀναπαύσω.

281 1950 315 2004 [ἓ
340 1950 388 2005 2²]

161 2054 241 2083 1330
270 2058 321 2085 γρ.
346 2044 525 2084 μέλλοντος
549 2045 567 2075 b
735 2055 812 2085 1331
847 2046 923 2086 σάφ’
949 2046 1040 2078 οἶσθα
1065 2046 1090 2076 L
1257 2056 1337 2086 1333
1368 2048 1437 2087 ἐμοὶ

115 2090 238 2128 βροτῶν
256 2087 282 2117 L
295 2088 321 2117 P
334 2088 363 2118 N
511 2090 593 2128 1336
618 2090 731 2121 ἔπειτα
747 2091 788 2128 σὴ
805 2089 1033 2120 Wilamowitz
1138 2089 1304 2122 ἀνάλωσεν
1320 2091 1416 2121 codd.
1430 2102 1438 2121 :

114 2140 197 2160 corr.
219 2130 391 2170 Elmsley:
418 2132 608 2174 ἀνῇστωσεν
626 2133 762 2171 Hadley
908 2142 988 2172 1337
1014 2133 1124 2174 λόγοις
1144 2133 1169 2163 L
1259 2134 1436 2174 ἐλέγχουσ’

114 2173 253 2203 ALbN
391 2176 473 2214 1338
495 2175 555 2214 μὲν
572 2178 626 2207 νῦν
643 2175 934 2207 σοὶΑΒΟΝΒτ
960 2176 1020 2215 μὲν
1037 2178 1086 2207 σοὶ
1105 2176 1227 2208 νῦννῑ
1258 2177 1368 2215 νῦνδὴ
1385 2177 1436 2209 σοὶ

115 2216 161 2246 L:
188 2219 243 2248 νῦν
259 2218 310 2248 σοὶ
329 2217 355 2247 Ρ
458 2228 539 2257 1340
562 2220 636 2251 τοὺς
653 2219 688 2250 δέ
702 2232 742 2259 γε
759 2220 872 2251 κακοὺς
888 2219 919 2248 V
938 2219 986 2258 Kb&
1002 2220 1064 2259 μὴν
1082 2219 1127 2251 O*
1237 2220 1318 2258 1346
1340 2232 1435 2252 κατα-

113 2260 217 2292 λιπών
234 2259 261 2290 Ρ
397 2271 479 2300 1350
502 2264 583 2301 οἴμοι
600 2264 682 2302 οἴμοι
699 2262 768 2292 AL
907 2271 985 2302 1351
1013 2265 1156 2302 κεφαλῆς
1172 2262 1203 2292 Α
1215 2262 1246 2293 Ο
1265 2273 1271 2292 :
1295 2265 1345 2295 -ἃς
1361 2262 1433 2293 rell.

117 2311 198 2341 1352
223 2304 249 2335 δ’
265 2303 296 2333 Α
309 2303 335 2333 Β
349 2303 378 2334 Ο
400 2305 447 2344 (et
464 2304 494 2334 V
512 2305 535 2343 2)
552 2317 558 2336 :
583 2305 612 2335 τ’
631 2305 700 2336 rell.
840 2313 921 2344 1353
945 2306 1101 2346 ἀπείρηκα
1116 2305 1146 2335 Α
1283 2314 1362 2344 1354
1388 2304 1437 2336 ἓέ

114 2346 143 2385 (ἒ
162 2346 238 2383 ἔν)
257 2357 322 2377 om.
341 2346 436 2377 AO:
461 2348 524 2377 del.
548 2347 586 2377 L²
