1651 2780
619 101 971 139 Ε’ΥΡΙΠΙΔΟΎ

580 185 595 200 S

222 202 305 243 τάδ’
333 204 418 244 ἐστὶ
444 207 608 255 θνητῶν,
636 204 848 245 λανθάνειν
876 206 924 244 τὰ
950 204 1001 255 μὴ
1029 203 1142 244 καλά,

222 269 300 311 οὐδ’
328 271 507 312 ἐκπονεῖν
532 288 593 312 τοι
617 271 692 325 χρὴ
719 272 810 323 βίον
836 273 928 312 λίαν
953 271 1134 323 βροτούς·

222 332 340 378 ’Ϋούδὲ
367 337 515 390 στέγην
541 340 616 391 γὰρ
641 338 687 389 ἧς
714 342 949 392 κατηρεφεῖς
975 338 1088 389 δόμοι

223 408 357 447 καλῶς
382 400 698 457 ἀκριβώσειαν·’ἷ”
734 407 774 448 ἐς
800 408 842 446 δὲ
868 405 938 456 τὴν
969 405 1092 458 τύχην

221 471 390 512 πεσοῦσ’
417 473 518 522 ὅσην
545 472 595 513 σὺ
620 476 702 514 πῶς
726 471 774 512 ἂν
801 473 983 513 ἐκνεῦσαι
1009 475 1154 518 δοκεῖς,·
1391 484 1454 518 470

223 537 328 585 ἀλλ’,
357 540 390 579 εἰ
415 540 463 579 τὰ
488 539 612 580 πλείω
638 541 795 592 χρηστὰ
820 543 897 580 τῶν
923 543 1052 580 κακῶν
1078 539 1196 592 ἔχεις,

222 603 428 658 ἄνθρωπος
453 606 567 652 οὖσα,
597 605 717 658 κάρτα
744 605 780 658 γ’
808 606 848 647 εἷ’)
873 604 1060 659 πράξειας
1086 605 1145 646 ἄν.

290 672 394 719 ἀλλ’,
422 671 451 713 ῶ
478 674 577 726 φίλη
604 677 687 719 παῖ,
716 676 817 725 λῆγε
841 675 913 724 μὲν
941 677 1067 714 κακῶν
1093 675 1262 725 φρενῶν,

220 738 346 790 λῆξον
372 739 404 779 δ’
430 740 650 792 ὑβρίζουσ’·
687 740 731 780 οὐ
758 741 832 792 γὰρ
859 740 961 781 ἄλλο
987 739 1092 790 πλὴν
1116 741 1233 792 ὕβρις

222 804 305 845 τάδ’
334 808 433 853 ἐστί,
463 808 636 859 κρείσσω
662 807 859 858 δαιμόνων
887 807 985 848 εἶναι
1013 806 1158 847 θέλειν·
1388 819 1452 851 475

222 872 351 923 τόλμα
375 873 407 913 δ’
434 875 579 925 ἐρῶσα·
618 873 706 916 θεὸς
733 873 935 925 ἐβουλήθη
961 873 1064 914 τάδε.

223 943 401 980 νοσοῦσα
425 940 457 979 δ’
484 940 524 980 εὖ
549 958 631 982 πως
656 940 726 990 τὴν
753 941 874 982 νόσον
903 939 1191 994 καταστρέφου.

223 1007 326 1047 εἰσὶν
352 1006 385 1047 δ’
413 1007 558 1062 ἐπῳδαὶ
584 1008 646 1048 καὶ
671 1008 786 1059 λόγοι
813 1007 1050 1059 θελκτήριοι·

223 1072 452 1125 φανήσεταί
472 1091 508 1114 τι
532 1077 656 1125 τῆσδε
682 1073 890 1126 φάρμακον
916 1075 1048 1115 νόσου.

222 1138 245 1189 ἧ
270 1139 354 1192 τᾶρ’
380 1140 428 1181 ἂν
453 1140 533 1193 ὀψέ
556 1141 593 1193 γ’
619 1140 756 1193 ἄνδρες
783 1141 976 1194 ἐξεύροιεν
1002 1141 1061 1188 ἄν,
1388 1147 1454 1186 480

224 1208 257 1247 εἰ
281 1207 334 1257 μὴ
360 1211 541 1260 γυναῖκες
566 1210 747 1261 μηχανὰς
774 1207 1004 1260 εὑρήσομεν.

124 1275 194 1313 Xe.
223 1274 388 1326 Φαίδρα,
415 1274 526 1327 λέγει
550 1277 623 1326 μὲν
647 1275 717 1326 ἥδε
743 1276 1022 1328 χρησιμώτερα

223 1340 319 1392 πρὸς
344 1341 415 1392 τὴν
440 1345 646 1395 παροῦσαν
671 1341 888 1395 ξυμφοράν,
916 1344 1010 1383 αἰνῶ
1039 1344 1079 1383 δὲ
1105 1341 1166 1384 σε’.

224 1409 243 1446 0‘
268 1407 300 1448 δ’
326 1407 433 1451 αἶνος
459 1409 572 1451 οὗτος
596 1409 910 1463 δυσχερέστερος
935 1411 1068 1462 λόγων

222 1479 298 1515 τῶν
322 1477 444 1525 τῆσδε
471 1477 533 1517 καὶ
559 1476 624 1517 σοὶ
648 1479 803 1527 μᾶλλον
830 1478 982 1530 ἀλγίων
1008 1476 1152 1518 κλύειν.
1390 1481 1451 1520 435

123 1543 199 1581 (ba.
218 1541 319 1582 τοῦτ’
346 1542 432 1582 ἔσθ’
460 1542 480 1582 ὃ
512 1545 664 1594 θνητῶν
688 1545 730 1585 εῧ
756 1545 892 1586 πόλεις
918 1543 1146 1594 οἰκουμένας

223 1609 364 1659 δόμους
388 1609 420 1648 τ’
447 1610 658 1657 ἀπόλλυσ’,
688 1613 724 1651 οἱ
750 1612 865 1652 καλοὶ
890 1613 983 1652 λίαν
1007 1612 1134 1663 λόγοι.

223 1675 267 1715 οὐ
292 1677 366 1727 γὰρ
391 1678 438 1716 τὰ
463 1681 592 1717 τοῖσιν
618 1677 692 1717 ὠσὶ
720 1680 868 1729 τερπνὰ
894 1678 968 1730 χρὴ
996 1677 1143 1730 λέγειν,

167 1770 227 1807 467
254 1769 318 1811 χρὴ
339 1769 460 1803 [ΡΣΖ
485 1773 566 1812 χρῆν
582 1770 614 1800 Μ
627 1770 699 1800 AV
789 1771 863 1804 λίαν
880 1771 952 1809 βίον
965 1771 994 1801 V
1008 1772 1056 1808 (et
1075 1769 1205 1810 Haun.)
1313 1770 1377 1808 468
1395 1770 1451 1800 Sic

124 1813 221 1842 codd
242 1816 275 1842 et
293 1817 316 1846 Σ
334 1816 427 1843 (nam
444 1813 526 1844 falso
544 1824 562 1844 e
576 1818 599 1847 Σ
617 1820 779 1845 eruerunt
799 1815 885 1847 δόκοι
905 1815 946 1845 Β2
964 1819 997 1845 et
1014 1813 1242 1844 Valckenaeffi
1334 1814 1398 1845 οὐδ’
1415 1815 1452 1845 ἂν

123 1855 247 1897 στέγην
273 1856 398 1887 Monk:
426 1856 498 1888 οὐδὲ
523 1857 648 1898 στέγην
672 1859 733 1890 τᾶν
756 1859 886 1897 Reisig.
938 1858 1095 1888 Fortasse
1120 1856 1185 1889 οὐδ’
1203 1859 1236 1889 ἐν
1261 1856 1365 1899 στέγῃ
1389 1858 1452 1898 γὰρ

161 1923 169 1930 .
203 1925 208 1930 .
239 1903 345 1932 καλῶς
373 1901 567 1941 ἆκριβώσαις
594 1903 632 1933 ἂν
664 1906 723 1937 (SC.
757 1903 814 1934 τὸν
842 1903 928 1939 Esou*
1092 1903 1156 1939 469
1192 1901 1386 1942 ἆκρῑβώσαίὲ
1414 1902 1452 1932 ἂν

124 1942 283 1982 Hadley:
307 1945 345 1976 ἂν
361 1944 547 1985 ἠκρίβωσαν
563 1944 792 1976 Wilamowitz
892 1944 1013 1985 vanv]
1033 1945 1128 1975 codd.
1148 1948 1181 1974 et
1198 1949 1234 1974 ut
1252 1949 1334 1983 puto
1350 1948 1374 1977 Σ
1395 1946 1452 1981 κείς

121 1985 156 2017 δὲ
184 1987 304 2024 ἄδηλον
331 1986 474 2043 πέλαγος
501 1990 561 2025 τῆς
590 1988 740 2029 τύχηςΣ
716 1989 807 2022 Σειά
835 1989 1073 2028 explicandam
1102 1988 1372 2027 n1etaphoram):
1408 1988 1451 2019 εἷς

122 2033 270 2061 κλυδῶνα
287 2029 321 2062 δὲ
339 2053 345 2060 .
364 2054 371 2061 .
396 2055 402 2061 .
421 2031 498 2063 ὅσον
515 2032 555 2063 ‹ru
573 2032 745 2071 Gomperz
889 2042 953 2070 470
978 2034 1124 2063 ἐκνεῦσαι
1141 2031 1183 2061 ab
1201 2030 1299 2063 ἐκνέω
1316 2030 1451 2061 deducit

123 2078 159 2111 Σ,
189 2074 230 2103 ab
260 2074 377 2106 ἐκνεύω
402 2074 555 2107 Verrall:
590 2077 761 2107 ἐκπνεῦσαι
788 2074 820 2104 Μ
833 2075 863 2105 V
875 2074 916 2104 132
1085 2085 1145 2114 471
1178 2074 1266 2115 ἔχοις
1295 2074 1451 2104 Lascaris

122 2126 185 2154 472
211 2116 298 2158 κάρτ’
319 2117 353 2149 εὐ
371 2117 421 2148 L:
446 2129 532 2150 corr.
553 2119 566 2148 l
717 2129 780 2158 473
805 2123 928 2160 φρενῶν
946 2122 1052 2151 κακῶν
1069 2118 1103 2149 H
1258 2119 1323 2157 480
1346 2117 1366 2156 ἧ
1383 2118 1451 2159 τᾶρ’

122 2161 159 2191 ἂν
192 2160 327 2191 Emnek
360 2160 521 2202 (sortasse
553 2162 616 2201 Σ);
651 2162 671 2200 ἦ
697 2164 759 2204 γὰρ
788 2164 826 2194 ἂν
854 2162 992 2192 MAV:
1027 2161 1046 2199 ἧ
1073 2161 1104 2193 τ’
1133 2163 1191 2203 ἄρα
1218 2162 1286 2201 (vel
1315 2161 1389 2204 ἆρα)
1417 2161 1450 2202 ’γ’

122 2203 272 2234 BLPH
426 2206 489 2243 482
513 2208 752 2247 χρησιμώτεραι
772 2205 804 2235 Μ
953 2206 1017 2244 483
1042 2209 1136 2246 ξυμφ.
1156 2205 1326 2236 BLPN:
1351 2211 1450 2245 συμφ.

123 2245 154 2275 Μ
168 2245 240 2276 AV
388 2249 451 2286 484
477 2250 736 2290 δυστυχέστερος
755 2249 786 2278 Μ
800 2248 827 2278 Β
840 2249 871 2279 H
888 2253 934 2282 Σ;
960 2250 1001 2279 de
1018 2248 1048 2277 A
1067 2249 1229 2279 incertum
1340 2248 1452 2289 ψόγων

121 2289 234 2320 Weil
234 2290 356 2332 λόγων
373 2293 474 2322 etiam
492 2296 530 2325 Σὶ
643 2293 706 2331 485
732 2294 789 2324 σοῦ
807 2297 840 2322 et
858 2293 973 2333 ἄλγιον
992 2291 1023 2322 Μ
1138 2294 1199 2331 487
1225 2293 1252 2324 δ
1267 2292 1451 2324 ἀπόλλυσιν

121 2333 151 2363 V
326 2336 390 2373 488
413 2336 455 2367 τὰ
471 2335 655 2366 ἭίΙᾶιῃονς
648 2336 701 2365 itz
724 2346 743 2366 e
756 2340 780 2369 Σ
800 2336 848 2374 ζού
865 2336 927 2376 γὰρ
944 2337 985 2367 τὰ
1002 2337 1076 2377 πρὸς
1094 2337 1213 2374 ἡδονὴν
1231 2361 1237 2367 .
1257 2360 1263 2367 .
1285 2359 1291 2366 .
1313 2337 1352 2373 Σ)
1370 2347 1376 2365 :
1399 2349 1449 2367 τοι

122 2377 151 2407 V
166 2377 193 2407 N
212 2383 245 2409 et
263 2383 340 2408 ante
359 2389 442 2409 corr.
465 2379 513 2408 L:
539 2393 568 2410 τι
588 2379 662 2409 MA
676 2379 714 2409 L‘2
728 2379 753 2408 P
844 2379 921 2420 χρὴ]
943 2381 993 2410 δεῖ
1009 2379 1033 2409 L
1047 2379 1111 2409 ΡΒ
1131 2384 1162 2410 ct
1180 2380 1227 2410 sic
1247 2379 1354 2410 reddit
1372 2383 1394 2412 Σ
