1651 2780
578 128 926 167 ΕΥΡΙΠΙΔΟΥ

186 231 295 283 σίγα·
333 230 463 282 νόμιζε
488 230 534 277 δ’,
563 232 596 272 εἰ
622 231 671 271 σὺ
696 231 767 282 τὴν
793 235 939 272 σαυτοῦ
963 235 1096 284 φιλεῖς

184 295 335 350 ψυχήν,
362 301 497 349 φιλεῖν
522 297 711 340 ἅπαντας·
749 300 782 339 εἰ
808 298 841 339 δ’
865 299 965 350 ἡμᾶς
991 302 1117 342 κακῶς

185 364 297 415 ἐρεῖς,
326 363 476 420 ἀκούσῃ
502 366 636 405 πολλὰ
663 366 730 406 κού
753 367 882 418 ψευδῆ
909 365 1018 407 κακά.
1350 379 1413 413 705

85 432 158 470 Xo.
185 430 309 471 πλείω
333 430 519 471 λέλεκται
544 435 612 472 νῦν
636 449 678 472 τε
703 432 766 472 καὶ
790 433 839 472 τὰ
863 433 955 485 πρὶν
981 432 1091 473 κακά·

185 500 334 537 παῦσαι
359 497 414 543 δέ,
441 497 612 549 πρέσβυ,
639 501 760 539 παῖδα
785 499 858 540 σὸν
885 502 1146 552 κακορροθῶν.

87 566 155 604 Αδ.
185 563 284 616 λέγ’,
313 563 364 606 ὡς
389 565 483 615 ἐμοῦ
505 563 708 615 λέξαντος·
747 567 781 606 εἰ
806 565 839 605 δ’
865 566 1002 618 ἀλγεῖς
1029 567 1157 607 κλύων

184 630 365 681 τάληθές,
393 630 437 670 οὐ
461 633 563 684 χρῆν
589 631 627 670 σ’
653 633 709 674 εἰς
733 631 792 683 ἔμ’
817 631 1113 685 ἐξαμαρτάνειν.

86 700 156 738 Φε.
184 701 257 737 σοῦ
282 697 314 738 δ’
341 697 388 738 ἂν
413 700 675 755 προθνῄσκων
698 702 855 750 μᾶλλον
881 698 1165 751 ἐξημάρτανον.
1357 710 1416 745 710

86 767 156 804 Αδ.
187 763 328 805 ταύτὸν
353 766 428 817 γὰρ
452 765 600 816 ἡβῶντ’
626 765 749 818 ἄνδρα
775 767 836 807 καὶ
861 766 1044 819 πρέσβυν
1070 769 1222 814 θανεῖν;

85 834 156 872 Φε.
182 835 297 888 ψυχῇ
320 837 390 887 μιᾷ
415 831 496 882 ζῆν,
523 831 568 872 οὐ
592 835 711 879 δυοῖν,
738 833 966 886 ὀφείλομεν.

85 900 155 938 Αδ.
189 898 250 938 καὶ
274 897 351 949 μὴν
379 898 477 940 Διός
502 916 548 951 γε
571 900 730 950 μείζονα
756 898 853 956 ζῴης
876 901 1035 953 χρόνον.

86 968 156 1006 Φε.
184 965 258 1020 ἀρᾷ
282 968 468 1017 γονεῦσιν
492 965 605 1006 οὐδὲν
631 966 782 1007 ἔκδικον
807 967 963 1014 παθών,·

85 1035 156 1072 AB.
186 1035 334 1084 μακροῦ
358 1033 450 1083 βίου
477 1034 552 1085 γὰρ
577 1032 758 1090 ᾐσθόμην
783 1033 932 1085 ἐρῶντά
957 1051 1017 1074 σε.
1359 1045 1416 1080 715

86 1102 159 1139 Φε.
184 1098 275 1139 ἀλλ’
300 1099 344 1139 οὐ
370 1099 420 1139 σὺ
444 1099 581 1152 νεκρὸν
607 1100 694 1140 ἀντὶ
720 1103 794 1140 σοῦ
817 1100 922 1141 τόνδ’
947 1100 1147 1153 ἐκφέρεις;

86 1168 155 1205 Αδ.
188 1169 333 1216 σημεῖα
356 1168 425 1216 τῆς
452 1168 538 1217 σῆς,
566 1164 596 1207 ὦ
622 1166 790 1213 κάκιστ’,
817 1168 1009 1220 ἀψυχίας.

86 1236 156 1273 (De.
184 1233 290 1273 οὔτοι
315 1232 412 1285 πρὸς
436 1233 545 1284 ἡμῶν
571 1233 607 1285 γ’
634 1233 761 1275 ὤλετ’·
799 1234 868 1275 οὐκ
893 1236 994 1287 ἐρεῖς
1018 1235 1121 1275 τόδε.

85 1302 153 1339 AB.
190 1303 278 1351 φεῦ·

186 1366 257 1406 εἴθ’
283 1367 422 1418 ἀνδρὸς
447 1367 578 1410 ἔλθοις
602 1367 714 1409 τοῦδέ
739 1368 776 1420 γ’
803 1370 843 1411 ἐς
866 1369 1005 1421 χρείαν
1030 1368 1140 1410 ποτέ.

86 1437 155 1474 Φε.
182 1432 379 1484 μνήστευε
403 1434 569 1481 πολλάς,
600 1435 650 1477 ὡς
676 1434 828 1475 θάνωσι
852 1437 1047 1478 πλείονες.
1355 1446 1418 1482 720

87 1503 156 1541 Ab,
189 1500 254 1540 σοὶ
274 1500 377 1540 τοῦτ’
404 1503 566 1543 ὄνειδος·
605 1502 650 1542 οὐ
675 1503 750 1554 γὰρ
775 1501 917 1552 ἤθελες
943 1505 1089 1543 θανεῖν.

86 1570 156 1607 (be.
185 1568 306 1620 φίλον
331 1567 374 1607 τὸ
401 1567 554 1620 φέγγος
579 1572 692 1609 τοῦτο
719 1572 787 1609 τοῦ
813 1571 913 1615 θεοῦ,
943 1570 1079 1621 φίλον.

85 1637 155 1674 Ab.
187 1634 305 1674 κακὸν
329 1633 373 1673 τὸ
398 1637 506 1685 λῆμα
531 1636 624 1676 κούκ
651 1637 691 1676 ἐν
718 1635 909 1688 ἀνδράσιν
934 1635 978 1675 τὸ
1004 1636 1091 1676 σόν.

86 1704 156 1741 Φε.
184 1700 251 1740 οὐκ
277 1701 446 1756 ἐγγελᾷς
472 1701 639 1753 γέροντα
662 1702 877 1753 βαστάζων
902 1703 1053 1755 νεκρόν.

88 1771 156 1808 Αδ.
188 1770 287 1825 θανῇ
313 1785 358 1820 γε
381 1768 517 1819 μέντοι
542 1768 751 1820 δυσκλεής,
779 1771 873 1810 ὅταν
900 1769 1032 1826 θάνῃς.
1352 1782 1417 1813 725

87 1837 156 1875 Φε.
184 1839 309 1877 κακῶς
333 1836 489 1876 ἀκούειν
515 1835 559 1876 οὐ
583 1835 697 1887 μέλει
722 1837 882 1877 θανόντι
905 1853 986 1888 μοι.

86 1904 156 1941 Ab.
190 1905 266 1954 φεῦ
291 1905 378 1954 φεῦ·
416 1902 460 1942 τὸ
485 1905 609 1955 γῆρας
635 1903 685 1945 ὡς
710 1904 907 1946 ἀναιδείας
932 1902 1079 1944 πλέων.

86 1971 157 2008 Φε.
183 1968 242 2018 ἥδ’
269 1968 337 2008 οὐκ
362 1968 534 2019 ἀναιδής·
573 1969 680 2020 τήνδ’
707 1971 875 2022 ἐφηῦρες
900 1970 1069 2023 ἄφρονα.

87 2037 156 2075 Αδ.
187 2034 336 2076 ἄπελθε
361 2036 458 2087 κάμὲ
483 2035 587 2077 τόνδ’
614 2037 658 2078 ἔα
685 2036 812 2089 θάψαι
837 2038 989 2088 νεκρόν.

130 2128 193 2165 706
215 2126 272 2166 τὰ]
290 2129 328 2159 τὸ
341 2127 534 2159 Wakefield
682 2129 744 2168 708
768 2128 920 2169 λέξαντος
940 2127 965 2157 L
979 2127 1079 2160 PVE
1095 2137 1101 2156 :
1126 2126 1282 2168 λέγοντος
1301 2128 1327 2158 Β
1342 2129 1372 2159 D
1387 2128 1418 2159 Ο

87 2180 146 2209 713
181 2170 310 2210 μείζονα
342 2171 507 2202 Schaefer
539 2176 572 2202 et
603 2176 627 2205 Σ
659 2172 814 2211 primitus
833 2183 839 2202 :
874 2170 982 2211 μείζον
1010 2173 1047 2203 ἂν
1075 2171 1171 2202 codd.
1206 2176 1239 2202 et
1270 2176 1294 2205 Σ
1327 2181 1416 2202 nunc

87 2213 180 2254 ζῴης]
201 2213 288 2253 ζώοις
305 2215 334 2244 V
348 2215 409 2255 Bp
541 2217 603 2254 716
627 2216 738 2257 νεκρόν
752 2215 785 2256 ’γ’
803 2216 833 2245 V
968 2224 1028 2253 717
1056 2217 1172 2254 σημεῖα
1187 2214 1220 2256 ’γ’
1237 2214 1260 2246 ὦ
1278 2215 1413 2246 κάκιστε

85 2257 176 2289 ταῦτ’
209 2258 346 2298 ἀψυχίας
380 2259 406 2289 L
419 2259 444 2289 P
552 2261 611 2297 τῆς
643 2261 703 2297 σῆς
735 2258 810 2300 (γ’)
844 2258 1061 2289 Herwerden
1234 2258 1296 2296 718
1329 2261 1415 2290 οὔτοι

85 2302 161 2341 πρὸς
189 2301 277 2340 ἡμῶν
303 2302 335 2342 ’γ’
361 2302 454 2332 VB:
487 2304 554 2334 οὔτι
578 2303 655 2344 πρὸς
678 2303 767 2342 ἡμῶν
793 2302 817 2331 L
834 2302 859 2332 Ρ
1033 2311 1093 2340 725
1127 2299 1237 2343 θάνῃς]
1263 2303 1338 2339 θανῆ
1363 2301 1415 2331 V:

86 2344 175 2381 θάνηι
195 2344 221 2374 Β
385 2347 445 2383 726
467 2346 559 2385 μέλει
579 2346 604 2375 L
619 2345 645 2376 P
662 2357 668 2376 z
691 2346 807 2386 μέλλει
827 2346 856 2375 V
871 2345 897 2374 Β
1063 2355 1124 2384 729
1150 2345 1229 2384 κάμὲ
1247 2345 1276 2375 V
1291 2343 1317 2374 B
1334 2356 1340 2374 :
1364 2345 1416 2377 καί

85 2401 125 2426 με
145 2387 170 2416 L
182 2387 207 2417 P
