1683 2732
697 100 902 138 EKABH

239 202 306 243 οὐκ
331 201 380 242 ἂν
404 204 591 253 δυναίμην
618 202 912 255 ἐξαλείψασθαι
937 205 1094 256 φρενός·
1398 218 1462 249 590

237 268 281 309 τὸ
306 268 339 308 δ’
364 269 410 309 a&
435 270 527 309 λίαν
552 273 736 320 παρεῖλες
761 269 1006 321 ἀγγελθεῖσά
1028 287 1095 321 μοι

238 338 428 387 γενναῖος.
500 335 639 375 οὔκουν
663 335 806 381 δεινόν,
834 336 867 375 εἰ
886 337 935 387 γῆ
960 337 1033 385 μὲν
1058 336 1152 386 κακὴ

237 404 414 453 τυχοῦσα
438 404 572 452 καιροῦ
596 401 734 441 θεόθεν
759 401 799 441 εῦ
826 399 980 454 στάχυν
1004 401 1129 454 φέρει,

235 466 391 520 χρηστὴ
417 466 449 507 δ’
474 466 689 519 ἁμαρτοῦσ’
714 468 768 507 ὧν
792 467 921 519 χρεὼν
945 467 1065 518 αὐτὴν
1089 471 1224 521 τυχεῖν

236 532 356 573 κακὸν
381 533 518 574 δίδωσι
545 533 704 586 καρπόν,
732 534 951 585 ἀνθρώποις
975 533 1008 573 δ’
1034 534 1093 574 ἀεὶ
1400 548 1461 578 595

235 600 255 639 ὁ
278 601 350 650 μὲν
376 599 545 652 πονηρὸς
569 599 681 640 οὐδὲν
706 599 808 640 ἄλλο
834 600 939 650 πλὴν
968 600 1095 646 κακός,

236 667 256 705 ὁ
281 665 314 706 δ’
341 665 485 708 ἐσθλὸς
511 667 669 712 ἐσθλός,
697 667 784 707 οὐδὲ
809 670 1016 718 συμφορᾶς
1040 668 1114 707 ὕπο

235 732 360 784 φύσιν
384 732 586 785 διέφθειρ’,
614 733 720 772 ἀλλὰ
745 733 921 786 χρηστός
946 733 1030 773 ἐστ’
1056 734 1134 779 ἆεί,·

234 798 294 851 ἆρ’
319 801 355 839 οἱ
379 799 558 841 τεκόντες
583 798 842 852 διαφέρουσιν
866 796 889 849 ἢ
914 801 1076 852 τροφαί;

233 865 318 918 ἔχει
342 882 388 918 γε
411 865 546 917 μέντοι
572 866 634 906 καὶ
660 865 704 905 τὸ
731 868 949 918 θρεφθῆναι
976 871 1103 908 καλῶς
1395 870 1462 901 600

231 930 381 983 δίδαξιν
407 933 567 972 ἐσθλοῦ·
605 935 719 972 τοῦτο
745 932 777 973 δ’
803 932 850 983 ἤν
875 950 933 974 τις
959 934 999 973 εῦ
1024 933 1140 989 μάθῃ,

233 998 337 1039 οἶδεν
360 997 467 1051 τόγ’
493 999 675 1051 αἰσχρόν,
706 1000 838 1039 κανόνι
863 1002 930 1039 τοῦ
956 1003 1077 1039 καλοῦ
1101 999 1248 1049 μαθών.

232 1065 296 1105 καὶ
319 1069 441 1105 ταῦτα
463 1067 536 1116 μὲν
562 1065 608 1115 δὴ
633 1065 723 1107 νοὺς
748 1064 956 1116 ἐτόξευσεν
980 1065 1119 1116 μάτην·

232 1131 282 1172 σὺ
307 1131 339 1171 δ’
365 1133 456 1171 ε’λθὲ
483 1132 545 1172 καὶ
574 1130 751 1182 σήμηνον
777 1131 972 1183 Ἀργείοις
995 1131 1099 1178 τάδε,

230 1197 283 1248 μὴ
310 1196 511 1249 θιγγάνειν
536 1215 602 1248 μοι
627 1197 775 1249 μηδέν’,
803 1198 895 1239 ἀλλ’
921 1199 1064 1251 εἵργειν
1088 1200 1225 1250 ὄχλον,
1394 1201 1457 1240 605

230 1266 298 1314 τῆς
322 1264 472 1306 παιδός.
545 1264 586 1304 ἕν
611 1281 671 1304 τοι
694 1265 815 1319 μυρίῳ
841 1265 1101 1316 στρατεύματι

231 1331 452 1372 ἀκόλαστος
476 1332 599 1383 ὄχλος
623 1330 782 1381 ναυτική
807 1331 840 1370 τ’
866 1332 1035 1384 ἀναρχία

231 1398 428 1449 κρείσσων
453 1398 587 1450 πυρός,
617 1397 731 1439 κακὸς
756 1397 789 1437 δ’
814 1399 835 1436 ὁ
858 1397 910 1448 μή
936 1414 972 1437 τι
997 1400 1098 1450 δρῶν
1124 1397 1252 1438 κακόν.

231 1463 282 1504 σὺ
306 1463 339 1504 δ’
364 1464 411 1503 αὗ
435 1467 623 1515 λαβοῦσα
648 1467 798 1516 τεῦχος,
826 1464 970 1516 ἀρχαία
993 1463 1121 1516 λάτρι,

230 1529 391 1582 βάψασ’
417 1530 552 1582 ἔνεγκε
577 1533 688 1582 δεῦρο
715 1532 876 1572 ποντίας
902 1531 1009 1576 ἁλός,
1392 1533 1457 1565 610

232 1597 282 1638 ὡς
308 1599 425 1637 παῖδα
448 1600 628 1649 λουτροῖς
651 1601 733 1639 τοῖς
758 1596 1025 1638 πανυστάτοις
1049 1596 1158 1648 ἐμήν,

229 1662 387 1715 νύμφην
411 1663 445 1703 τ’
470 1663 652 1716 ἄνυμφον
677 1663 872 1716 παρθένον
897 1662 928 1702 τ’
954 1662 1187 1715 ἀπάρθενον,

229 1729 362 1769 λούσω
387 1730 594 1781 προθῶμαί
616 1729 761 1771 θ’-ὡς
785 1732 858 1781 μὲν
883 1728 984 1780 ἀξία,
1013 1730 1152 1775 πόθεν;

229 1795 295 1836 οὐκ
321 1795 368 1836 ἂν
394 1797 593 1847 δυναίμην·
632 1796 683 1839 ὡς
708 1796 741 1836 δ’
767 1796 947 1850 ἔχω-τί
969 1797 1043 1848 γὰρ
1069 1795 1260 1841 πάθοιμ’-π-

230 1862 378 1912 κόσμον
403 1862 437 1902 τ’
462 1862 641 1914 ἀγείρασ’
667 1863 971 1916 αἰχμαλωτίδων
996 1861 1111 1914 πάρα,
1390 1865 1453 1904 615

228 1928 272 1968 αἵ
290 1945 356 1978 μοι
380 1927 566 1980 πάρεδροι
590 1929 703 1969 τῶνδ’
729 1930 808 1970 ἔσω
835 1927 1102 1979 σκηνωμάτων

228 1995 418 2040 ναίουσιν,
446 1996 482 2035 εἵ
503 2011 560 2036 τις
585 1995 675 2036 τοὺς
699 1996 841 2036 νεωστὶ
867 1996 1062 2036 δεσπότας

170 2095 232 2126 593
257 2085 292 2118 εὖ
316 2086 441 2126 στάχυν
461 2087 486 2117 L
501 2087 549 2117 P:
574 2090 737 2128 εὔσταχυν
755 2087 826 2118 rell.
1007 2096 1070 2126 595
1097 2087 1249 2127 ἄνθρωποι
1276 2085 1451 2116 Hermann

129 2131 204 2170 (>οις
217 2130 255 2169 Σ)
346 2131 496 2169 596-597
521 2131 609 2169 πλὴν
622 2130 748 2169 κακούς,
763 2134 779 2162 ὁ
793 2131 820 2163 δ’
833 2132 948 2162 ἐσθλὸς
963 2130 1094 2162 ἐσθλούς
1106 2129 1235 2160 Verrall
1325 2131 1389 2159 600
1412 2142 1452 2169 γε

127 2186 175 2204 τοι
198 2186 231 2204 τι
255 2172 375 2203 MBl:
405 2186 446 2214 γε
469 2186 519 2205 τοι
540 2173 571 2204 Α
659 2176 816 2215 τραφῆναι
840 2174 866 2203 L
890 2184 964 2204 cum
991 2173 1114 2211 Georg.
1142 2172 1302 2211 Pachym.
1332 2182 1362 2210 p.
1394 2182 1447 2209 171

125 2217 189 2246 602
220 2219 346 2258 μετρῶν
371 2216 501 2247 Porson
605 2217 670 2256 605
700 2230 753 2256 μοι
780 2218 982 2256 Byzantini:
1015 2227 1078 2246 om.
1106 2216 1154 2247 L:
1188 2230 1249 2255 μου
1273 2215 1343 2246 rell.
1369 2220 1401 2245 et
1428 2220 1450 2247 Σ

125 2260 190 2290 606
214 2261 248 2292 ἐν
263 2261 325 2301 ’γὰρ
338 2259 406 2290 VL
422 2261 487 2302 (γρ.
506 2273 554 2291 τοι
567 2259 621 2300 V¹)
769 2261 834 2299 609
857 2263 974 2300 τεῦχος
992 2259 1023 2289 Μ
1044 2259 1123 2299 (εἰς)
1145 2259 1213 2289 ΒΟ
1231 2271 1237 2288 :
1263 2260 1387 2299 τᾶγγος
1405 2258 1451 2287 Μ’·’

126 2302 197 2332 rell·
332 2303 396 2342 613
421 2303 510 2343 ἀξίαν
534 2303 599 2333 BP
687 2304 798 2343 πόθεν]
823 2317 873 2345 Ὑρ.
894 2306 1008 2343 τυχεῖν
1022 2307 1045 2336 Σ
1059 2302 1091 2332 Μ
1217 2304 1282 2332 616
1306 2304 1370 2332 τῶν
1388 2301 1449 2331 ἔσω

127 2344 196 2375 MV
327 2347 390 2385 617
416 2346 590 2379 θάσσουσιν
605 2346 635 2376 V
650 2346 697 2386 (et
715 2346 746 2377 Ο
761 2347 787 2386 ἕ)

213 2409 293 2431 EUR.
317 2410 337 2430 1.
1272 2396 1312 2425 23
