1683 2732
126 209 310 244 Γλαυκίνου
323 208 490 255 ἄρχοντος
503 208 571 245 ’Ϋτὸ
584 207 644 244 λῖὶ·
693 210 826 252 πρῶτος
841 204 879 250 ἧν
891 207 1082 252 Σοφοκλῆς,
1098 207 1253 253 δεύτερος
1268 208 1448 253 Εὐριπιδης

126 265 313 311 Κρήσσαις,
331 266 534 310 Ἀλκμαίωνι
558 268 603 313 τῷ
626 265 681 299 διὰ
699 265 871 310 Ψωφῖδος,
892 265 1050 309 Τηλέφῳ,
1070 262 1278 309 Ἀλκήστιδι.
1305 291 1313 300 .
1342 291 1348 299 .
1377 293 1384 300 .
1410 267 1448 300 τὸ

126 322 161 357 δέ
180 323 289 368 δρᾶμα
308 323 542 369 κωμικωτέραν
558 324 630 367 ἕχει
647 322 707 366 τὴν
726 321 977 368 καταστροφήν.
1028 321 1046 365 ἡ
1071 321 1174 366 σκηνὴ
1198 325 1257 357 τοῦ
1281 323 1448 368 δράματος

125 380 293 416 ὑπόκειται
311 382 347 416 ἐν
365 383 494 427 Φεραῖς,
514 383 573 426 μιᾷ
590 382 690 415 πόλει
711 381 771 424 τῆς
789 380 986 415 Θετταλίας.
1037 379 1222 424 συνέστηκε
1248 380 1282 413 δέ
1307 381 1325 413 ὁ
1348 382 1449 425 χορὸς

124 440 161 474 ἕκ
178 453 278 474 τινων
293 441 498 484 πρεσβυτῶν
515 439 687 483 ἐντοπίων,
703 437 734 472 οἳ
753 438 806 473 καὶ
824 439 1064 483 παραγίνονται
1084 438 1365 483 συμπαθήσοντες
1378 441 1450 473 ταῖς
1472 448 1488 479 5

125 496 348 542 Ἀλκήστιδος
366 499 570 543 συμφοραῖς.
619 497 815 542 προλογίζει
834 497 851 529 ὁ
864 495 1000 531 ”Ηλιος.
1052 496 1148 533 ’Ϋεῖσὶ
1167 496 1201 530 δέ
1220 494 1244 530 ε’
1263 496 1440 541 χορηγοίδὶ·

172 556 217 589 Τὸ
243 555 279 589 δέ
307 555 416 600 δρᾶμά
443 554 519 590 ἔστι
546 555 826 599 σατυρικώτερον,
845 553 894 587 ὅτι
922 554 966 589 εἷς
992 554 1101 599 χαρὰν
1126 553 1178 587 καὶ
1204 552 1324 597 ἡδονὴν
1350 568 1449 588 κατα-

125 613 269 659 στρέφει
303 613 395 659 παρὰ
424 613 462 648 τὸ
492 615 660 658 τραγικόν.
722 612 928 653 ἐκβάλλεται
959 612 1001 646 ὡς
1031 611 1173 646 ἀνοίκεια
1207 613 1265 655 τῆς
1294 613 1451 657 τραγικῆς

125 671 291 716 ποιήσεως·
307 670 325 706 ὅ
337 687 373 707 τε
386 669 550 717 Ὀρέστης·
565 672 617 705 καὶ
634 668 863 715 ἡ”Αλκηστις,
877 671 920 705 ὡς
938 670 974 704 ἐκ
993 671 1174 715 συμφορᾶς
1192 670 1252 714 μὲν
1269 669 1450 715 ἀρχόμενα,

125 729 169 764 εἷς
200 729 412 774 εὐδαιμονίαν
440 728 475 763 δὲ
505 729 558 763 καὶ
586 730 695 774 χαρὰν
725 728 885 773 λήξαντα,
916 724 982 777 <ἅ>
1013 728 1088 763 ἐστι
1116 728 1250 773 μᾶλλον
1280 728 1450 775 κωμῳδίας

125 787 280 833 ἐχόμενα.

174 894 186 914 1
213 885 251 916 τὸ
267 890 289 915 λ
308 883 320 924 (
337 900 363 910 z
384 882 424 916 ῧλ
441 894 582 915 numero
601 883 760 924 omisso)]
780 883 972 924 ὀλυμπιάδος
989 883 1039 915 πε’
1055 883 1120 915 ἔτει
1138 882 1273 925 δευτέρῳ
1288 883 1451 922 Dindors;

126 931 194 958 tum
219 928 308 958 enim
332 927 516 959 Glaucinus
538 927 677 958 Archon
703 928 764 959 suit
869 931 991 967 πρῶτος
1016 951 1022 958 .
1048 950 1055 958 .
1084 950 1090 958 .
1118 927 1263 968 δεύτερος
1290 928 1453 958 Dindorf:

125 974 250 1012 πρῶτον
273 994 280 1002 .
308 994 316 1002 .
343 994 350 1002 .
379 971 526 1013 δεύτερον
541 971 572 1002 V
728 982 746 1002 2
772 971 939 1010 ἀλκμαίονι
962 974 1006 1002 τῶ
1030 971 1215 1011 διαψωφίλω
1232 970 1283 1001 V:
1308 971 1453 1001 correxit

128 1014 275 1045 Dindorf
382 1015 550 1045 Lacunam
569 1015 728 1046 indicavit
750 1015 950 1045 Kirchhoff:
967 1014 1043 1044 vide
1062 1014 1147 1044 infra
1160 1025 1189 1044 ν.
1204 1016 1224 1044 6
1312 1024 1331 1052 3
1357 1027 1452 1047 κατα-

127 1057 272 1099 στροφήν
288 1068 456 1097 suprascr.
472 1058 510 1088 V¹
527 1070 532 1089 :
558 1059 761 1096 κατασκευήν
777 1059 808 1088 V
920 1067 939 1096 5
964 1060 1033 1089 ταῖς
1050 1081 1057 1088 .
1078 1081 1085 1088 .
1107 1081 1114 1088 .
1134 1060 1308 1099 συμφοραῖς
1322 1058 1349 1087 Β
1366 1068 1372 1087 :
1395 1061 1453 1096 τῆς

155 1125 162 1132 .
183 1124 190 1131 .
212 1104 374 1142 συμφορᾶς
391 1102 421 1131 V
438 1113 444 1132 :
474 1104 533 1139 τῆς
551 1125 556 1132 .
581 1125 586 1131 .
605 1125 612 1132 .
634 1104 782 1143 συμφορᾷ
807 1102 923 1132 Haun.
1093 1102 1114 1130 6
1139 1100 1253 1133 ’Ἥλιος
1269 1101 1298 1130 V
1316 1100 1429 1132 Haun.
1447 1112 1453 1131 ι

127 1144 280 1176 ἀπόλλων
305 1145 331 1174 Β
451 1145 541 1177 εἴσιδ’
569 1145 722 1186 ἔχορηγοί
746 1145 798 1175 V:
831 1146 892 1177 εἰσὶ
918 1143 952 1176 δὲ
979 1144 1116 1186 χορηγοί
1141 1143 1253 1174 Haun.
1301 1143 1343 1174 Et
1372 1154 1453 1175 sane

126 1187 284 1218 videntur
306 1188 453 1227 quinque
478 1188 715 1218 choreutarum
739 1199 820 1227 prae
842 1188 964 1219 ceteris
990 1188 1148 1225 eminere,
1173 1187 1211 1218 cl.
1232 1198 1285 1218 vv.
1302 1188 1343 1217 86
1360 1198 1449 1227 sqq,

128 1240 191 1269 213
205 1241 287 1269 sqq,
305 1232 367 1269 872
380 1241 439 1270 sqq
450 1254 467 1268 .,
483 1232 547 1261 888
560 1241 636 1270 sqq.
675 1230 828 1264 Ἰσίδοτος
843 1232 994 1273 ἐχορήγει
1010 1231 1165 1270 Dindorf,
1183 1231 1234 1261 his
1248 1231 1359 1261 verbis
1378 1236 1453 1270 post

126 1273 317 1311 Ἀλκήστιδι
334 1273 515 1313 collocatis,
532 1275 587 1304 ubi
606 1275 758 1304 lacunam
774 1275 989 1313 reliquimus:
1014 1275 1074 1305 sed
1092 1274 1133 1304 ab
1149 1274 1239 1304 Iside
1256 1284 1322 1305 non
1340 1274 1453 1314 appel-

127 1316 282 1347 labantur
291 1316 523 1348 Athenienses
535 1327 621 1348 saec.
630 1317 674 1347 V:
694 1318 834 1358 (Τεισίας
847 1317 1250 1358 e’xopv‘yyetWilamowitz)
1335 1318 1355 1347 8
1371 1318 1454 1359 παρὰ

126 1362 194 1392 τοῖς
210 1363 373 1401 τραγικοῖς
392 1362 461 1397 ἐκβ.
476 1361 572 1391 codd.
592 1372 598 1391 :
625 1370 710 1392 corr.
727 1361 807 1391 Leo.
855 1361 905 1391 Cf.
924 1361 1037 1391 Schol.
1055 1360 1165 1392 Orest.
1184 1362 1262 1400 1691
1370 1362 1454 1393 ἀνοι-

126 1403 196 1436 κεία
214 1402 325 1434 Haun.
345 1413 352 1434 ε
376 1403 532 1437 ἀνοικείας
548 1404 579 1434 V
715 1413 753 1435 ιο
777 1404 796 1436 ἅ
811 1404 886 1435 add.
906 1403 1081 1435 Hermann

1476 742 1512 764 10
