1651 2780
651 113 997 150 ΕΥΡΙΠΙΔΟΥ

261 215 364 261 ἀλλ’,
394 216 426 256 εἰ
451 214 495 255 τὸ
522 216 650 265 κείνης
675 218 865 268 δυστυχεῖ
887 216 1036 255 παίδων
1060 213 1161 266 πέρι,

260 281 428 324 ἄπαιδας
451 282 552 332 ἡμᾶς
577 284 638 322 δεῖ
662 283 905 332 καταστῆναι
929 281 1095 328 τέκνων;

261 349 476 400 φθείρεσθε
500 351 635 399 τῆσδε,
662 351 799 400 δμῶες,
829 348 879 390 ὡς
905 348 953 389 ἂν
977 347 1134 399 ἐκμάθω
1425 359 1487 392 715

261 416 298 456 εἴ
319 416 377 457 τίς
401 432 450 466 με
474 415 584 456 λύειν
609 417 730 466 τῆσδε
757 415 928 455 κωλύσει
953 414 1084 469 χέρας.

328 481 463 534 ἔπαιρε
490 481 652 533 σαυτήν·
691 482 741 524 ὡς
768 483 846 534 ἐγὼ
873 483 1009 534 καίπερ
1034 480 1187 534 τρέμων

262 551 432 591 πλεκτὰς
458 548 628 600 ἱμάντων
655 550 874 601 στροφίδας
899 547 1152 600 ἐξανήσομαι.

260 615 338 662 ὧδ’,
367 614 396 655 ὦ
424 614 596 662 κάκιστε,
623 615 735 666 τῆσδ’
760 615 941 667 ἐλυμήνω
966 614 1105 669 χέρας;

261 686 361 733 βοῦν
386 679 409 732 ἢ
434 682 564 723 λέοντ’
589 682 751 733 ἤλπιζες
777 683 962 723 ἐντείνειν
987 682 1173 735 βρόχοις;
1425 693 1490 723 7²0

260 745 283 798 ἢ
310 748 361 800 μὴ
388 747 505 802 ξίφος
530 749 704 800 λαβοῦσ’
732 749 970 800 ἀμυνάθοιτό
994 765 1041 789 σε

263 816 438 863 ἕδεισας;
477 816 571 868 ἕρπε
597 815 696 868 δεῦρ’
721 815 784 856 ὑπ’
810 815 999 868 ἀγκάλας,
1027 814 1196 867 βρέφος,

262 881 407 932 ξύλλυε
431 882 577 935 μητρὸς
601 883 760 934 δεσμόν·
800 884 842 923 ἐν
867 884 971 936 Φθίᾳ
998 881 1037 920 σ’
1064 882 1141 934 ἐγὼ

263 948 400 1001 θρέψω
426 948 553 1001 μέγαν
578 949 702 989 τοῖσδ’
730 949 886 1002 ἐχθρόν.
958 950 992 989 εἰ
1017 948 1049 988 δ’
1076 949 1182 999 ἀπῆν
1207 947 1319 1001 δορὸς

261 1020 343 1057 τοῖς
369 1015 633 1068 Σπαρτιάταις
657 1014 753 1066 δόξα
778 1017 841 1056 καὶ
865 1014 996 1069 μάχης
1021 1015 1140 1067 ἀγών,
1425 1026 1490 1057 725

263 1082 378 1122 τᾶλλ’
405 1085 516 1125 ὄντες
541 1084 629 1123 ἴστε
653 1081 820 1133 μηδενὸς
846 1082 1067 1133 βελτίονες.

164 1152 235 1189 Χο.
263 1149 469 1201 ἀνειμένον
494 1166 531 1190 τι
556 1151 688 1202 χρῆμα
714 1152 952 1201 πρεσβυτῶν
978 1147 1094 1201 γένος

266 1217 327 1257 καὶ
353 1216 634 1269 δυσφύλακτον
659 1215 870 1267 ὀξυθυμίας
894 1217 981 1256 ὕπο.

166 1286 241 1323 Me.
264 1283 365 1336 ἄγαν
391 1283 601 1335 προνωπὴς
627 1284 682 1325 εἷς
707 1282 751 1324 τὸ
775 1285 973 1335 λοιδορεῖν
999 1281 1114 1338 φέρῃ·

264 1351 342 1402 ἐγὼ
369 1353 409 1391 δὲ
436 1350 532 1403 πρὸς
557 1352 652 1402 βίαν
676 1351 748 1401 μὲν
776 1351 830 1392 εἷς
855 1350 984 1390 Φθίαν
1008 1349 1143 1400 μολὼν
1428 1359 1492 1391 730

264 1417 344 1457 οὔτ’
372 1418 440 1458 οὖν
465 1434 501 1457 τι
527 1416 658 1469 δράσω
685 1420 864 1469 φλαῦρον
891 1417 979 1457 οὕτε
1005 1416 1206 1467 πείσομαι.

266 1484 327 1524 καὶ
354 1487 421 1524 νῦν
446 1483 623 1535 μέν-οὐ
648 1485 723 1536 γὰρ
748 1483 927 1536 ἄφθονον
954 1482 1111 1536 σχολὴν
1137 1482 1276 1536 ἔχω-

265 1550 396 1601 ἄπειμ’
422 1552 461 1592 ἐς
487 1552 627 1593 οἴκους·
667 1550 753 1590 ἔστι
779 1549 854 1602 γάρ
879 1567 937 1592 τις
962 1549 1006 1589 οὐ
1032 1550 1168 1601 πρόσω

266 1617 447 1669 Σπάρτης
474 1648 481 1656 .
512 1648 519 1656 .
548 1649 555 1656 .
584 1618 700 1658 πόλις
725 1633 796 1663 τις,
824 1615 847 1666 ἢ
875 1616 949 1668 πρὸ
975 1619 1043 1656 τοῦ
1070 1617 1142 1667 μὲν
1168 1614 1215 1665 ἦν
1242 1614 1355 1667 φίλη,

265 1687 333 1724 νῦν
359 1683 391 1724 δ’
416 1684 541 1737 ἐχθρὰ
567 1687 682 1724 ποιεῖ·
720 1681 826 1733 τήνδ’
853 1681 1082 1733 ἐπεξελθεῖν
1110 1680 1214 1722 θέλω
1427 1692 1491 1725 735

265 1749 597 1802 στρατηλατήσας
622 1751 878 1803 χὺποχείριον
903 1753 1061 1800 λαβεῖν.

265 1818 359 1858 ὅταν
386 1819 428 1858 δὲ
451 1817 565 1857 τάκεῖ
587 1819 640 1856 θῶ
669 1818 765 1856 κατὰ
789 1816 949 1869 γνώμην
974 1814 1083 1866 ἐμήν,

265 1883 359 1935 ἥξω·
397 1884 532 1936 παρὼν
558 1886 599 1924 δὲ
624 1882 721 1935 πρὸς
748 1884 946 1935 παρόντας
972 1884 1159 1935 ἐμφανῶς

265 1950 470 2003 γαμβροὺς
495 1948 636 2000 διδάξω
665 1950 726 1989 καὶ
753 1949 958 2000 διδάξομαι
982 1949 1138 2001 λόγους.

267 2017 337 2057 κᾶν
362 2019 436 2068 μὲν
462 2016 611 2072 κολάζῃ
636 2015 753 2067 τήνδε
779 2016 842 2056 καὶ
867 2016 912 2056 τὸ
936 2015 1080 2056 λοιπὸν
1104 2015 1127 2072 ᾖ
1428 2025 1496 2057 740

266 2085 443 2137 σώφρων
469 2083 552 2124 καθ’
578 2084 691 2135 ἡμᾶς,
722 2082 900 2135 σώφρον’
926 2081 1203 2135 ἀντιλήψεται·

210 2177 273 2213 716
296 2176 392 2213 τήνδε
411 2176 437 2206 L
587 2185 650 2214 722
675 2175 832 2216 ἀγκάλαις
850 2174 882 2204 Μ
897 2174 980 2204 AV²
1102 2187 1109 2191 ·
1132 2183 1194 2213 723
1219 2172 1338 2212 δεσμόν
1354 2172 1494 2212 scripsi:

166 2219 268 2257 δεσμά
292 2220 411 2251 codd.:
442 2218 533 2258 δέσμ’
559 2220 623 2260 ἐγώ
647 2218 678 2251 σ’
705 2221 738 2250 ἐν
760 2220 802 2260 τῇ
825 2219 902 2260 Φθίᾳ
928 2217 954 2247 L
980 2217 1081 2255 (sich
1109 2218 1212 2256 δεσμὰ
1234 2215 1354 2258 μητρός
1379 2215 1495 2247 Heath

166 2272 227 2301 727
252 2262 346 2303 γένος
372 2263 404 2292 Μ
422 2263 447 2293 L
463 2263 489 2293 P
512 2275 562 2303 γρ.
590 2261 630 2292 V²
655 2261 746 2292 Stob.
778 2261 848 2292 116.
874 2271 936 2301 37:
963 2261 1023 2301 ἔφυ
1047 2260 1204 2291 AVBO
1333 2260 1396 2298 728
1419 2261 1497 2300 ὅπερ

167 2305 193 2336 L
364 2316 422 2346 731
457 2309 582 2346 φαῦλον
606 2305 678 2337 οὐδὲ
701 2304 734 2335 Α
902 2314 964 2343 733
996 2305 1047 2336 καὶ
1071 2305 1134 2345 γὰρ
1159 2304 1250 2336 ἔστιν
1274 2304 1309 2336 οὐ
1334 2302 1497 2341 Hartung

167 2348 310 2423 (άυῐὲεὸς
334 2363 382 2382 τις
407 2349 523 2380 habuit
547 2350 586 2390 Σ)
741 2356 802 2387 735
834 2347 941 2388 τήνδ’]
966 2348 1028 2386 τὴν
1054 2346 1228 2378 Hermann
1349 2348 1497 2378 ἐπελθεῖν

166 2397 221 2424 οὐν
